JournalCode|JournalLib|EcritureNum|EcritureDate|CompteNum|CompteLib|CompAuxNum|CompAuxLib|PieceRef|PieceDate|EcritureLib|Debit|Credit|EcritureLet|DateLet|ValidDate|Montantdevise|Idevise
VEN|Journal des ventes|000001|20230102|411000|Clients|CLI0001|NetServices SA|V2023-0001|20230102|Facture V2023-0001 NetServices SA|12772.07||||20230102|12772.07|EUR
VEN|Journal des ventes|000001|20230102|706000|Prestations de services|||V2023-0001|20230102|Prestation V2023-0001||10643.39|||20230102|10643.39|EUR
VEN|Journal des ventes|000001|20230102|445710|TVA collectée|||V2023-0001|20230102|TVA facture V2023-0001||2128.68|||20230102|2128.68|EUR
VEN|Journal des ventes|000002|20230104|411000|Clients|CLI0002|Innovatech SA|V2023-0002|20230104|Facture V2023-0002 Innovatech SA|11723.12||||20230104|11723.12|EUR
VEN|Journal des ventes|000002|20230104|706000|Prestations de services|||V2023-0002|20230104|Prestation V2023-0002||9769.27|||20230104|9769.27|EUR
VEN|Journal des ventes|000002|20230104|445710|TVA collectée|||V2023-0002|20230104|TVA facture V2023-0002||1953.85|||20230104|1953.85|EUR
VEN|Journal des ventes|000003|20230106|411000|Clients|CLI0003|Digital Corp|V2023-0003|20230106|Facture V2023-0003 Digital Corp|7108.61||||20230106|7108.61|EUR
VEN|Journal des ventes|000003|20230106|706000|Prestations de services|||V2023-0003|20230106|Prestation V2023-0003||5923.84|||20230106|5923.84|EUR
VEN|Journal des ventes|000003|20230106|445710|TVA collectée|||V2023-0003|20230106|TVA facture V2023-0003||1184.77|||20230106|1184.77|EUR
VEN|Journal des ventes|000004|20230109|411000|Clients|CLI0004|NetServices SA|V2023-0004|20230109|Facture V2023-0004 NetServices SA|4977.34||||20230109|4977.34|EUR
VEN|Journal des ventes|000004|20230109|706000|Prestations de services|||V2023-0004|20230109|Prestation V2023-0004||4147.78|||20230109|4147.78|EUR
VEN|Journal des ventes|000004|20230109|445710|TVA collectée|||V2023-0004|20230109|TVA facture V2023-0004||829.56|||20230109|829.56|EUR
VEN|Journal des ventes|000005|20230111|411000|Clients|CLI0005|DataSystems SAS|V2023-0005|20230111|Facture V2023-0005 DataSystems SAS|4581.12||||20230111|4581.12|EUR
VEN|Journal des ventes|000005|20230111|706000|Prestations de services|||V2023-0005|20230111|Prestation V2023-0005||3817.60|||20230111|3817.60|EUR
VEN|Journal des ventes|000005|20230111|445710|TVA collectée|||V2023-0005|20230111|TVA facture V2023-0005||763.52|||20230111|763.52|EUR
VEN|Journal des ventes|000006|20230113|411000|Clients|CLI0006|SystemPro SARL|V2023-0006|20230113|Facture V2023-0006 SystemPro SARL|5242.19||||20230113|5242.19|EUR
VEN|Journal des ventes|000006|20230113|706000|Prestations de services|||V2023-0006|20230113|Prestation V2023-0006||4368.49|||20230113|4368.49|EUR
VEN|Journal des ventes|000006|20230113|445710|TVA collectée|||V2023-0006|20230113|TVA facture V2023-0006||873.70|||20230113|873.70|EUR
VEN|Journal des ventes|000007|20230116|411000|Clients|CLI0007|InfoTech Partners|V2023-0007|20230116|Facture V2023-0007 InfoTech Partners|8386.90||||20230116|8386.90|EUR
VEN|Journal des ventes|000007|20230116|706000|Prestations de services|||V2023-0007|20230116|Prestation V2023-0007||6989.08|||20230116|6989.08|EUR
VEN|Journal des ventes|000007|20230116|445710|TVA collectée|||V2023-0007|20230116|TVA facture V2023-0007||1397.82|||20230116|1397.82|EUR
VEN|Journal des ventes|000008|20230120|411000|Clients|CLI0008|ACME Solutions SAS|V2023-0008|20230120|Facture V2023-0008 ACME Solutions SAS|13718.70||||20230120|13718.70|EUR
VEN|Journal des ventes|000008|20230120|706000|Prestations de services|||V2023-0008|20230120|Prestation V2023-0008||11432.25|||20230120|11432.25|EUR
VEN|Journal des ventes|000008|20230120|445710|TVA collectée|||V2023-0008|20230120|TVA facture V2023-0008||2286.45|||20230120|2286.45|EUR
VEN|Journal des ventes|000009|20230122|411000|Clients|CLI0009|TechVision SARL|V2023-0009|20230122|Facture V2023-0009 TechVision SARL|8924.57||||20230122|8924.57|EUR
VEN|Journal des ventes|000009|20230122|706000|Prestations de services|||V2023-0009|20230122|Prestation V2023-0009||7437.14|||20230122|7437.14|EUR
VEN|Journal des ventes|000009|20230122|445710|TVA collectée|||V2023-0009|20230122|TVA facture V2023-0009||1487.43|||20230122|1487.43|EUR
VEN|Journal des ventes|000010|20230124|411000|Clients|CLI0010|NetServices SA|V2023-0010|20230124|Facture V2023-0010 NetServices SA|9420.01||||20230124|9420.01|EUR
VEN|Journal des ventes|000010|20230124|706000|Prestations de services|||V2023-0010|20230124|Prestation V2023-0010||7850.01|||20230124|7850.01|EUR
VEN|Journal des ventes|000010|20230124|445710|TVA collectée|||V2023-0010|20230124|TVA facture V2023-0010||1570.00|||20230124|1570.00|EUR
VEN|Journal des ventes|000011|20230128|411000|Clients|CLI0011|TechVision SARL|V2023-0011|20230128|Facture V2023-0011 TechVision SARL|6245.77||||20230128|6245.77|EUR
VEN|Journal des ventes|000011|20230128|706000|Prestations de services|||V2023-0011|20230128|Prestation V2023-0011||5204.81|||20230128|5204.81|EUR
VEN|Journal des ventes|000011|20230128|445710|TVA collectée|||V2023-0011|20230128|TVA facture V2023-0011||1040.96|||20230128|1040.96|EUR
VEN|Journal des ventes|000012|20230131|411000|Clients|CLI0012|DataSystems SAS|V2023-0012|20230131|Facture V2023-0012 DataSystems SAS|5762.54||||20230131|5762.54|EUR
VEN|Journal des ventes|000012|20230131|706000|Prestations de services|||V2023-0012|20230131|Prestation V2023-0012||4802.12|||20230131|4802.12|EUR
VEN|Journal des ventes|000012|20230131|445710|TVA collectée|||V2023-0012|20230131|TVA facture V2023-0012||960.42|||20230131|960.42|EUR
VEN|Journal des ventes|000013|20230204|411000|Clients|CLI0013|SmartConseil|V2023-0013|20230204|Facture V2023-0013 SmartConseil|5120.34||||20230204|5120.34|EUR
VEN|Journal des ventes|000013|20230204|706000|Prestations de services|||V2023-0013|20230204|Prestation V2023-0013||4266.95|||20230204|4266.95|EUR
VEN|Journal des ventes|000013|20230204|445710|TVA collectée|||V2023-0013|20230204|TVA facture V2023-0013||853.39|||20230204|853.39|EUR
VEN|Journal des ventes|000014|20230206|411000|Clients|CLI0014|Digital Corp|V2023-0014|20230206|Facture V2023-0014 Digital Corp|11151.32||||20230206|11151.32|EUR
VEN|Journal des ventes|000014|20230206|706000|Prestations de services|||V2023-0014|20230206|Prestation V2023-0014||9292.77|||20230206|9292.77|EUR
VEN|Journal des ventes|000014|20230206|445710|TVA collectée|||V2023-0014|20230206|TVA facture V2023-0014||1858.55|||20230206|1858.55|EUR
VEN|Journal des ventes|000015|20230209|411000|Clients|CLI0015|SmartConseil|V2023-0015|20230209|Facture V2023-0015 SmartConseil|5204.86||||20230209|5204.86|EUR
VEN|Journal des ventes|000015|20230209|706000|Prestations de services|||V2023-0015|20230209|Prestation V2023-0015||4337.38|||20230209|4337.38|EUR
VEN|Journal des ventes|000015|20230209|445710|TVA collectée|||V2023-0015|20230209|TVA facture V2023-0015||867.48|||20230209|867.48|EUR
VEN|Journal des ventes|000016|20230211|411000|Clients|CLI0016|ACME Solutions SAS|V2023-0016|20230211|Facture V2023-0016 ACME Solutions SAS|8250.20||||20230211|8250.20|EUR
VEN|Journal des ventes|000016|20230211|706000|Prestations de services|||V2023-0016|20230211|Prestation V2023-0016||6875.17|||20230211|6875.17|EUR
VEN|Journal des ventes|000016|20230211|445710|TVA collectée|||V2023-0016|20230211|TVA facture V2023-0016||1375.03|||20230211|1375.03|EUR
VEN|Journal des ventes|000017|20230213|411000|Clients|CLI0017|NetServices SA|V2023-0017|20230213|Facture V2023-0017 NetServices SA|6092.05||||20230213|6092.05|EUR
VEN|Journal des ventes|000017|20230213|706000|Prestations de services|||V2023-0017|20230213|Prestation V2023-0017||5076.71|||20230213|5076.71|EUR
VEN|Journal des ventes|000017|20230213|445710|TVA collectée|||V2023-0017|20230213|TVA facture V2023-0017||1015.34|||20230213|1015.34|EUR
VEN|Journal des ventes|000018|20230215|411000|Clients|CLI0018|DataSystems SAS|V2023-0018|20230215|Facture V2023-0018 DataSystems SAS|5871.01||||20230215|5871.01|EUR
VEN|Journal des ventes|000018|20230215|706000|Prestations de services|||V2023-0018|20230215|Prestation V2023-0018||4892.51|||20230215|4892.51|EUR
VEN|Journal des ventes|000018|20230215|445710|TVA collectée|||V2023-0018|20230215|TVA facture V2023-0018||978.50|||20230215|978.50|EUR
VEN|Journal des ventes|000019|20230219|411000|Clients|CLI0019|SystemPro SARL|V2023-0019|20230219|Facture V2023-0019 SystemPro SARL|6927.10||||20230219|6927.10|EUR
VEN|Journal des ventes|000019|20230219|706000|Prestations de services|||V2023-0019|20230219|Prestation V2023-0019||5772.58|||20230219|5772.58|EUR
VEN|Journal des ventes|000019|20230219|445710|TVA collectée|||V2023-0019|20230219|TVA facture V2023-0019||1154.52|||20230219|1154.52|EUR
VEN|Journal des ventes|000020|20230223|411000|Clients|CLI0020|DataSystems SAS|V2023-0020|20230223|Facture V2023-0020 DataSystems SAS|7109.10||||20230223|7109.10|EUR
VEN|Journal des ventes|000020|20230223|706000|Prestations de services|||V2023-0020|20230223|Prestation V2023-0020||5924.25|||20230223|5924.25|EUR
VEN|Journal des ventes|000020|20230223|445710|TVA collectée|||V2023-0020|20230223|TVA facture V2023-0020||1184.85|||20230223|1184.85|EUR
VEN|Journal des ventes|000021|20230225|411000|Clients|CLI0021|DataSystems SAS|V2023-0021|20230225|Facture V2023-0021 DataSystems SAS|10259.51||||20230225|10259.51|EUR
VEN|Journal des ventes|000021|20230225|706000|Prestations de services|||V2023-0021|20230225|Prestation V2023-0021||8549.59|||20230225|8549.59|EUR
VEN|Journal des ventes|000021|20230225|445710|TVA collectée|||V2023-0021|20230225|TVA facture V2023-0021||1709.92|||20230225|1709.92|EUR
VEN|Journal des ventes|000022|20230227|411000|Clients|CLI0022|WebServices Plus|V2023-0022|20230227|Facture V2023-0022 WebServices Plus|10300.14||||20230227|10300.14|EUR
VEN|Journal des ventes|000022|20230227|706000|Prestations de services|||V2023-0022|20230227|Prestation V2023-0022||8583.45|||20230227|8583.45|EUR
VEN|Journal des ventes|000022|20230227|445710|TVA collectée|||V2023-0022|20230227|TVA facture V2023-0022||1716.69|||20230227|1716.69|EUR
VEN|Journal des ventes|000023|20230303|411000|Clients|CLI0023|Digital Corp|V2023-0023|20230303|Facture V2023-0023 Digital Corp|11302.00||||20230303|11302.00|EUR
VEN|Journal des ventes|000023|20230303|706000|Prestations de services|||V2023-0023|20230303|Prestation V2023-0023||9418.33|||20230303|9418.33|EUR
VEN|Journal des ventes|000023|20230303|445710|TVA collectée|||V2023-0023|20230303|TVA facture V2023-0023||1883.67|||20230303|1883.67|EUR
VEN|Journal des ventes|000024|20230307|411000|Clients|CLI0024|Digital Corp|V2023-0024|20230307|Facture V2023-0024 Digital Corp|10097.33||||20230307|10097.33|EUR
VEN|Journal des ventes|000024|20230307|706000|Prestations de services|||V2023-0024|20230307|Prestation V2023-0024||8414.44|||20230307|8414.44|EUR
VEN|Journal des ventes|000024|20230307|445710|TVA collectée|||V2023-0024|20230307|TVA facture V2023-0024||1682.89|||20230307|1682.89|EUR
VEN|Journal des ventes|000025|20230311|411000|Clients|CLI0025|TechVision SARL|V2023-0025|20230311|Facture V2023-0025 TechVision SARL|6454.57||||20230311|6454.57|EUR
VEN|Journal des ventes|000025|20230311|706000|Prestations de services|||V2023-0025|20230311|Prestation V2023-0025||5378.81|||20230311|5378.81|EUR
VEN|Journal des ventes|000025|20230311|445710|TVA collectée|||V2023-0025|20230311|TVA facture V2023-0025||1075.76|||20230311|1075.76|EUR
VEN|Journal des ventes|000026|20230315|411000|Clients|CLI0026|NetServices SA|V2023-0026|20230315|Facture V2023-0026 NetServices SA|3784.63||||20230315|3784.63|EUR
VEN|Journal des ventes|000026|20230315|706000|Prestations de services|||V2023-0026|20230315|Prestation V2023-0026||3153.86|||20230315|3153.86|EUR
VEN|Journal des ventes|000026|20230315|445710|TVA collectée|||V2023-0026|20230315|TVA facture V2023-0026||630.77|||20230315|630.77|EUR
VEN|Journal des ventes|000027|20230317|411000|Clients|CLI0027|Digital Corp|V2023-0027|20230317|Facture V2023-0027 Digital Corp|6187.96||||20230317|6187.96|EUR
VEN|Journal des ventes|000027|20230317|706000|Prestations de services|||V2023-0027|20230317|Prestation V2023-0027||5156.63|||20230317|5156.63|EUR
VEN|Journal des ventes|000027|20230317|445710|TVA collectée|||V2023-0027|20230317|TVA facture V2023-0027||1031.33|||20230317|1031.33|EUR
VEN|Journal des ventes|000028|20230321|411000|Clients|CLI0028|DataSystems SAS|V2023-0028|20230321|Facture V2023-0028 DataSystems SAS|7431.70||||20230321|7431.70|EUR
VEN|Journal des ventes|000028|20230321|706000|Prestations de services|||V2023-0028|20230321|Prestation V2023-0028||6193.08|||20230321|6193.08|EUR
VEN|Journal des ventes|000028|20230321|445710|TVA collectée|||V2023-0028|20230321|TVA facture V2023-0028||1238.62|||20230321|1238.62|EUR
VEN|Journal des ventes|000029|20230324|411000|Clients|CLI0029|SystemPro SARL|V2023-0029|20230324|Facture V2023-0029 SystemPro SARL|8864.98||||20230324|8864.98|EUR
VEN|Journal des ventes|000029|20230324|706000|Prestations de services|||V2023-0029|20230324|Prestation V2023-0029||7387.48|||20230324|7387.48|EUR
VEN|Journal des ventes|000029|20230324|445710|TVA collectée|||V2023-0029|20230324|TVA facture V2023-0029||1477.50|||20230324|1477.50|EUR
VEN|Journal des ventes|000030|20230328|411000|Clients|CLI0030|TechVision SARL|V2023-0030|20230328|Facture V2023-0030 TechVision SARL|13571.60||||20230328|13571.60|EUR
VEN|Journal des ventes|000030|20230328|706000|Prestations de services|||V2023-0030|20230328|Prestation V2023-0030||11309.67|||20230328|11309.67|EUR
VEN|Journal des ventes|000030|20230328|445710|TVA collectée|||V2023-0030|20230328|TVA facture V2023-0030||2261.93|||20230328|2261.93|EUR
VEN|Journal des ventes|000031|20230331|411000|Clients|CLI0031|CloudExpert EURL|V2023-0031|20230331|Facture V2023-0031 CloudExpert EURL|12633.23||||20230331|12633.23|EUR
VEN|Journal des ventes|000031|20230331|706000|Prestations de services|||V2023-0031|20230331|Prestation V2023-0031||10527.69|||20230331|10527.69|EUR
VEN|Journal des ventes|000031|20230331|445710|TVA collectée|||V2023-0031|20230331|TVA facture V2023-0031||2105.54|||20230331|2105.54|EUR
VEN|Journal des ventes|000032|20230404|411000|Clients|CLI0032|NetServices SA|V2023-0032|20230404|Facture V2023-0032 NetServices SA|10887.10||||20230404|10887.10|EUR
VEN|Journal des ventes|000032|20230404|706000|Prestations de services|||V2023-0032|20230404|Prestation V2023-0032||9072.58|||20230404|9072.58|EUR
VEN|Journal des ventes|000032|20230404|445710|TVA collectée|||V2023-0032|20230404|TVA facture V2023-0032||1814.52|||20230404|1814.52|EUR
VEN|Journal des ventes|000033|20230407|411000|Clients|CLI0033|WebServices Plus|V2023-0033|20230407|Facture V2023-0033 WebServices Plus|5257.91||||20230407|5257.91|EUR
VEN|Journal des ventes|000033|20230407|706000|Prestations de services|||V2023-0033|20230407|Prestation V2023-0033||4381.59|||20230407|4381.59|EUR
VEN|Journal des ventes|000033|20230407|445710|TVA collectée|||V2023-0033|20230407|TVA facture V2023-0033||876.32|||20230407|876.32|EUR
VEN|Journal des ventes|000034|20230409|411000|Clients|CLI0034|WebServices Plus|V2023-0034|20230409|Facture V2023-0034 WebServices Plus|9171.54||||20230409|9171.54|EUR
VEN|Journal des ventes|000034|20230409|706000|Prestations de services|||V2023-0034|20230409|Prestation V2023-0034||7642.95|||20230409|7642.95|EUR
VEN|Journal des ventes|000034|20230409|445710|TVA collectée|||V2023-0034|20230409|TVA facture V2023-0034||1528.59|||20230409|1528.59|EUR
VEN|Journal des ventes|000035|20230413|411000|Clients|CLI0035|Digital Corp|V2023-0035|20230413|Facture V2023-0035 Digital Corp|6167.03||||20230413|6167.03|EUR
VEN|Journal des ventes|000035|20230413|706000|Prestations de services|||V2023-0035|20230413|Prestation V2023-0035||5139.19|||20230413|5139.19|EUR
VEN|Journal des ventes|000035|20230413|445710|TVA collectée|||V2023-0035|20230413|TVA facture V2023-0035||1027.84|||20230413|1027.84|EUR
VEN|Journal des ventes|000036|20230415|411000|Clients|CLI0036|SmartConseil|V2023-0036|20230415|Facture V2023-0036 SmartConseil|13012.08||||20230415|13012.08|EUR
VEN|Journal des ventes|000036|20230415|706000|Prestations de services|||V2023-0036|20230415|Prestation V2023-0036||10843.40|||20230415|10843.40|EUR
VEN|Journal des ventes|000036|20230415|445710|TVA collectée|||V2023-0036|20230415|TVA facture V2023-0036||2168.68|||20230415|2168.68|EUR
VEN|Journal des ventes|000037|20230419|411000|Clients|CLI0037|NetServices SA|V2023-0037|20230419|Facture V2023-0037 NetServices SA|12807.28||||20230419|12807.28|EUR
VEN|Journal des ventes|000037|20230419|706000|Prestations de services|||V2023-0037|20230419|Prestation V2023-0037||10672.73|||20230419|10672.73|EUR
VEN|Journal des ventes|000037|20230419|445710|TVA collectée|||V2023-0037|20230419|TVA facture V2023-0037||2134.55|||20230419|2134.55|EUR
VEN|Journal des ventes|000038|20230421|411000|Clients|CLI0038|SmartConseil|V2023-0038|20230421|Facture V2023-0038 SmartConseil|8584.70||||20230421|8584.70|EUR
VEN|Journal des ventes|000038|20230421|706000|Prestations de services|||V2023-0038|20230421|Prestation V2023-0038||7153.92|||20230421|7153.92|EUR
VEN|Journal des ventes|000038|20230421|445710|TVA collectée|||V2023-0038|20230421|TVA facture V2023-0038||1430.78|||20230421|1430.78|EUR
VEN|Journal des ventes|000039|20230424|411000|Clients|CLI0039|TechVision SARL|V2023-0039|20230424|Facture V2023-0039 TechVision SARL|9964.87||||20230424|9964.87|EUR
VEN|Journal des ventes|000039|20230424|706000|Prestations de services|||V2023-0039|20230424|Prestation V2023-0039||8304.06|||20230424|8304.06|EUR
VEN|Journal des ventes|000039|20230424|445710|TVA collectée|||V2023-0039|20230424|TVA facture V2023-0039||1660.81|||20230424|1660.81|EUR
VEN|Journal des ventes|000040|20230426|411000|Clients|CLI0040|GlobalIT France|V2023-0040|20230426|Facture V2023-0040 GlobalIT France|4340.32||||20230426|4340.32|EUR
VEN|Journal des ventes|000040|20230426|706000|Prestations de services|||V2023-0040|20230426|Prestation V2023-0040||3616.93|||20230426|3616.93|EUR
VEN|Journal des ventes|000040|20230426|445710|TVA collectée|||V2023-0040|20230426|TVA facture V2023-0040||723.39|||20230426|723.39|EUR
VEN|Journal des ventes|000041|20230428|411000|Clients|CLI0041|SmartConseil|V2023-0041|20230428|Facture V2023-0041 SmartConseil|7237.67||||20230428|7237.67|EUR
VEN|Journal des ventes|000041|20230428|706000|Prestations de services|||V2023-0041|20230428|Prestation V2023-0041||6031.39|||20230428|6031.39|EUR
VEN|Journal des ventes|000041|20230428|445710|TVA collectée|||V2023-0041|20230428|TVA facture V2023-0041||1206.28|||20230428|1206.28|EUR
VEN|Journal des ventes|000042|20230501|411000|Clients|CLI0042|DataSystems SAS|V2023-0042|20230501|Facture V2023-0042 DataSystems SAS|13845.22||||20230501|13845.22|EUR
VEN|Journal des ventes|000042|20230501|706000|Prestations de services|||V2023-0042|20230501|Prestation V2023-0042||11537.68|||20230501|11537.68|EUR
VEN|Journal des ventes|000042|20230501|445710|TVA collectée|||V2023-0042|20230501|TVA facture V2023-0042||2307.54|||20230501|2307.54|EUR
VEN|Journal des ventes|000043|20230503|411000|Clients|CLI0043|TechVision SARL|V2023-0043|20230503|Facture V2023-0043 TechVision SARL|12109.26||||20230503|12109.26|EUR
VEN|Journal des ventes|000043|20230503|706000|Prestations de services|||V2023-0043|20230503|Prestation V2023-0043||10091.05|||20230503|10091.05|EUR
VEN|Journal des ventes|000043|20230503|445710|TVA collectée|||V2023-0043|20230503|TVA facture V2023-0043||2018.21|||20230503|2018.21|EUR
VEN|Journal des ventes|000044|20230507|411000|Clients|CLI0044|DataSystems SAS|V2023-0044|20230507|Facture V2023-0044 DataSystems SAS|10166.57||||20230507|10166.57|EUR
VEN|Journal des ventes|000044|20230507|706000|Prestations de services|||V2023-0044|20230507|Prestation V2023-0044||8472.14|||20230507|8472.14|EUR
VEN|Journal des ventes|000044|20230507|445710|TVA collectée|||V2023-0044|20230507|TVA facture V2023-0044||1694.43|||20230507|1694.43|EUR
VEN|Journal des ventes|000045|20230511|411000|Clients|CLI0045|Innovatech SA|V2023-0045|20230511|Facture V2023-0045 Innovatech SA|11375.82||||20230511|11375.82|EUR
VEN|Journal des ventes|000045|20230511|706000|Prestations de services|||V2023-0045|20230511|Prestation V2023-0045||9479.85|||20230511|9479.85|EUR
VEN|Journal des ventes|000045|20230511|445710|TVA collectée|||V2023-0045|20230511|TVA facture V2023-0045||1895.97|||20230511|1895.97|EUR
VEN|Journal des ventes|000046|20230515|411000|Clients|CLI0046|Innovatech SA|V2023-0046|20230515|Facture V2023-0046 Innovatech SA|3887.76||||20230515|3887.76|EUR
VEN|Journal des ventes|000046|20230515|706000|Prestations de services|||V2023-0046|20230515|Prestation V2023-0046||3239.80|||20230515|3239.80|EUR
VEN|Journal des ventes|000046|20230515|445710|TVA collectée|||V2023-0046|20230515|TVA facture V2023-0046||647.96|||20230515|647.96|EUR
VEN|Journal des ventes|000047|20230518|411000|Clients|CLI0047|DataSystems SAS|V2023-0047|20230518|Facture V2023-0047 DataSystems SAS|13741.84||||20230518|13741.84|EUR
VEN|Journal des ventes|000047|20230518|706000|Prestations de services|||V2023-0047|20230518|Prestation V2023-0047||11451.53|||20230518|11451.53|EUR
VEN|Journal des ventes|000047|20230518|445710|TVA collectée|||V2023-0047|20230518|TVA facture V2023-0047||2290.31|||20230518|2290.31|EUR
VEN|Journal des ventes|000048|20230522|411000|Clients|CLI0048|ACME Solutions SAS|V2023-0048|20230522|Facture V2023-0048 ACME Solutions SAS|14100.11||||20230522|14100.11|EUR
VEN|Journal des ventes|000048|20230522|706000|Prestations de services|||V2023-0048|20230522|Prestation V2023-0048||11750.09|||20230522|11750.09|EUR
VEN|Journal des ventes|000048|20230522|445710|TVA collectée|||V2023-0048|20230522|TVA facture V2023-0048||2350.02|||20230522|2350.02|EUR
VEN|Journal des ventes|000049|20230526|411000|Clients|CLI0049|SystemPro SARL|V2023-0049|20230526|Facture V2023-0049 SystemPro SARL|4678.85||||20230526|4678.85|EUR
VEN|Journal des ventes|000049|20230526|706000|Prestations de services|||V2023-0049|20230526|Prestation V2023-0049||3899.04|||20230526|3899.04|EUR
VEN|Journal des ventes|000049|20230526|445710|TVA collectée|||V2023-0049|20230526|TVA facture V2023-0049||779.81|||20230526|779.81|EUR
VEN|Journal des ventes|000050|20230529|411000|Clients|CLI0050|WebServices Plus|V2023-0050|20230529|Facture V2023-0050 WebServices Plus|8419.39||||20230529|8419.39|EUR
VEN|Journal des ventes|000050|20230529|706000|Prestations de services|||V2023-0050|20230529|Prestation V2023-0050||7016.16|||20230529|7016.16|EUR
VEN|Journal des ventes|000050|20230529|445710|TVA collectée|||V2023-0050|20230529|TVA facture V2023-0050||1403.23|||20230529|1403.23|EUR
VEN|Journal des ventes|000051|20230531|411000|Clients|CLI0051|SystemPro SARL|V2023-0051|20230531|Facture V2023-0051 SystemPro SARL|6113.30||||20230531|6113.30|EUR
VEN|Journal des ventes|000051|20230531|706000|Prestations de services|||V2023-0051|20230531|Prestation V2023-0051||5094.42|||20230531|5094.42|EUR
VEN|Journal des ventes|000051|20230531|445710|TVA collectée|||V2023-0051|20230531|TVA facture V2023-0051||1018.88|||20230531|1018.88|EUR
VEN|Journal des ventes|000052|20230602|411000|Clients|CLI0052|NetServices SA|V2023-0052|20230602|Facture V2023-0052 NetServices SA|13393.15||||20230602|13393.15|EUR
VEN|Journal des ventes|000052|20230602|706000|Prestations de services|||V2023-0052|20230602|Prestation V2023-0052||11160.96|||20230602|11160.96|EUR
VEN|Journal des ventes|000052|20230602|445710|TVA collectée|||V2023-0052|20230602|TVA facture V2023-0052||2232.19|||20230602|2232.19|EUR
VEN|Journal des ventes|000053|20230604|411000|Clients|CLI0053|ACME Solutions SAS|V2023-0053|20230604|Facture V2023-0053 ACME Solutions SAS|12609.12||||20230604|12609.12|EUR
VEN|Journal des ventes|000053|20230604|706000|Prestations de services|||V2023-0053|20230604|Prestation V2023-0053||10507.60|||20230604|10507.60|EUR
VEN|Journal des ventes|000053|20230604|445710|TVA collectée|||V2023-0053|20230604|TVA facture V2023-0053||2101.52|||20230604|2101.52|EUR
VEN|Journal des ventes|000054|20230606|411000|Clients|CLI0054|GlobalIT France|V2023-0054|20230606|Facture V2023-0054 GlobalIT France|13721.10||||20230606|13721.10|EUR
VEN|Journal des ventes|000054|20230606|706000|Prestations de services|||V2023-0054|20230606|Prestation V2023-0054||11434.25|||20230606|11434.25|EUR
VEN|Journal des ventes|000054|20230606|445710|TVA collectée|||V2023-0054|20230606|TVA facture V2023-0054||2286.85|||20230606|2286.85|EUR
VEN|Journal des ventes|000055|20230609|411000|Clients|CLI0055|SystemPro SARL|V2023-0055|20230609|Facture V2023-0055 SystemPro SARL|11857.56||||20230609|11857.56|EUR
VEN|Journal des ventes|000055|20230609|706000|Prestations de services|||V2023-0055|20230609|Prestation V2023-0055||9881.30|||20230609|9881.30|EUR
VEN|Journal des ventes|000055|20230609|445710|TVA collectée|||V2023-0055|20230609|TVA facture V2023-0055||1976.26|||20230609|1976.26|EUR
VEN|Journal des ventes|000056|20230611|411000|Clients|CLI0056|DataSystems SAS|V2023-0056|20230611|Facture V2023-0056 DataSystems SAS|8183.87||||20230611|8183.87|EUR
VEN|Journal des ventes|000056|20230611|706000|Prestations de services|||V2023-0056|20230611|Prestation V2023-0056||6819.89|||20230611|6819.89|EUR
VEN|Journal des ventes|000056|20230611|445710|TVA collectée|||V2023-0056|20230611|TVA facture V2023-0056||1363.98|||20230611|1363.98|EUR
VEN|Journal des ventes|000057|20230615|411000|Clients|CLI0057|SmartConseil|V2023-0057|20230615|Facture V2023-0057 SmartConseil|13871.23||||20230615|13871.23|EUR
VEN|Journal des ventes|000057|20230615|706000|Prestations de services|||V2023-0057|20230615|Prestation V2023-0057||11559.36|||20230615|11559.36|EUR
VEN|Journal des ventes|000057|20230615|445710|TVA collectée|||V2023-0057|20230615|TVA facture V2023-0057||2311.87|||20230615|2311.87|EUR
VEN|Journal des ventes|000058|20230619|411000|Clients|CLI0058|CloudExpert EURL|V2023-0058|20230619|Facture V2023-0058 CloudExpert EURL|9094.27||||20230619|9094.27|EUR
VEN|Journal des ventes|000058|20230619|706000|Prestations de services|||V2023-0058|20230619|Prestation V2023-0058||7578.56|||20230619|7578.56|EUR
VEN|Journal des ventes|000058|20230619|445710|TVA collectée|||V2023-0058|20230619|TVA facture V2023-0058||1515.71|||20230619|1515.71|EUR
VEN|Journal des ventes|000059|20230622|411000|Clients|CLI0059|Innovatech SA|V2023-0059|20230622|Facture V2023-0059 Innovatech SA|12729.64||||20230622|12729.64|EUR
VEN|Journal des ventes|000059|20230622|706000|Prestations de services|||V2023-0059|20230622|Prestation V2023-0059||10608.03|||20230622|10608.03|EUR
VEN|Journal des ventes|000059|20230622|445710|TVA collectée|||V2023-0059|20230622|TVA facture V2023-0059||2121.61|||20230622|2121.61|EUR
VEN|Journal des ventes|000060|20230625|411000|Clients|CLI0060|NetServices SA|V2023-0060|20230625|Facture V2023-0060 NetServices SA|9603.54||||20230625|9603.54|EUR
VEN|Journal des ventes|000060|20230625|706000|Prestations de services|||V2023-0060|20230625|Prestation V2023-0060||8002.95|||20230625|8002.95|EUR
VEN|Journal des ventes|000060|20230625|445710|TVA collectée|||V2023-0060|20230625|TVA facture V2023-0060||1600.59|||20230625|1600.59|EUR
VEN|Journal des ventes|000061|20230628|411000|Clients|CLI0061|WebServices Plus|V2023-0061|20230628|Facture V2023-0061 WebServices Plus|7183.98||||20230628|7183.98|EUR
VEN|Journal des ventes|000061|20230628|706000|Prestations de services|||V2023-0061|20230628|Prestation V2023-0061||5986.65|||20230628|5986.65|EUR
VEN|Journal des ventes|000061|20230628|445710|TVA collectée|||V2023-0061|20230628|TVA facture V2023-0061||1197.33|||20230628|1197.33|EUR
VEN|Journal des ventes|000062|20230630|411000|Clients|CLI0062|TechVision SARL|V2023-0062|20230630|Facture V2023-0062 TechVision SARL|11602.19||||20230630|11602.19|EUR
VEN|Journal des ventes|000062|20230630|706000|Prestations de services|||V2023-0062|20230630|Prestation V2023-0062||9668.49|||20230630|9668.49|EUR
VEN|Journal des ventes|000062|20230630|445710|TVA collectée|||V2023-0062|20230630|TVA facture V2023-0062||1933.70|||20230630|1933.70|EUR
VEN|Journal des ventes|000063|20230702|411000|Clients|CLI0063|WebServices Plus|V2023-0063|20230702|Facture V2023-0063 WebServices Plus|8667.98||||20230702|8667.98|EUR
VEN|Journal des ventes|000063|20230702|706000|Prestations de services|||V2023-0063|20230702|Prestation V2023-0063||7223.32|||20230702|7223.32|EUR
VEN|Journal des ventes|000063|20230702|445710|TVA collectée|||V2023-0063|20230702|TVA facture V2023-0063||1444.66|||20230702|1444.66|EUR
VEN|Journal des ventes|000064|20230704|411000|Clients|CLI0064|ACME Solutions SAS|V2023-0064|20230704|Facture V2023-0064 ACME Solutions SAS|10198.69||||20230704|10198.69|EUR
VEN|Journal des ventes|000064|20230704|706000|Prestations de services|||V2023-0064|20230704|Prestation V2023-0064||8498.91|||20230704|8498.91|EUR
VEN|Journal des ventes|000064|20230704|445710|TVA collectée|||V2023-0064|20230704|TVA facture V2023-0064||1699.78|||20230704|1699.78|EUR
VEN|Journal des ventes|000065|20230707|411000|Clients|CLI0065|SystemPro SARL|V2023-0065|20230707|Facture V2023-0065 SystemPro SARL|13786.04||||20230707|13786.04|EUR
VEN|Journal des ventes|000065|20230707|706000|Prestations de services|||V2023-0065|20230707|Prestation V2023-0065||11488.37|||20230707|11488.37|EUR
VEN|Journal des ventes|000065|20230707|445710|TVA collectée|||V2023-0065|20230707|TVA facture V2023-0065||2297.67|||20230707|2297.67|EUR
VEN|Journal des ventes|000066|20230711|411000|Clients|CLI0066|Innovatech SA|V2023-0066|20230711|Facture V2023-0066 Innovatech SA|5338.02||||20230711|5338.02|EUR
VEN|Journal des ventes|000066|20230711|706000|Prestations de services|||V2023-0066|20230711|Prestation V2023-0066||4448.35|||20230711|4448.35|EUR
VEN|Journal des ventes|000066|20230711|445710|TVA collectée|||V2023-0066|20230711|TVA facture V2023-0066||889.67|||20230711|889.67|EUR
VEN|Journal des ventes|000067|20230713|411000|Clients|CLI0067|TechVision SARL|V2023-0067|20230713|Facture V2023-0067 TechVision SARL|9171.28||||20230713|9171.28|EUR
VEN|Journal des ventes|000067|20230713|706000|Prestations de services|||V2023-0067|20230713|Prestation V2023-0067||7642.73|||20230713|7642.73|EUR
VEN|Journal des ventes|000067|20230713|445710|TVA collectée|||V2023-0067|20230713|TVA facture V2023-0067||1528.55|||20230713|1528.55|EUR
VEN|Journal des ventes|000068|20230715|411000|Clients|CLI0068|TechVision SARL|V2023-0068|20230715|Facture V2023-0068 TechVision SARL|5581.27||||20230715|5581.27|EUR
VEN|Journal des ventes|000068|20230715|706000|Prestations de services|||V2023-0068|20230715|Prestation V2023-0068||4651.06|||20230715|4651.06|EUR
VEN|Journal des ventes|000068|20230715|445710|TVA collectée|||V2023-0068|20230715|TVA facture V2023-0068||930.21|||20230715|930.21|EUR
VEN|Journal des ventes|000069|20230719|411000|Clients|CLI0069|ACME Solutions SAS|V2023-0069|20230719|Facture V2023-0069 ACME Solutions SAS|12557.09||||20230719|12557.09|EUR
VEN|Journal des ventes|000069|20230719|706000|Prestations de services|||V2023-0069|20230719|Prestation V2023-0069||10464.24|||20230719|10464.24|EUR
VEN|Journal des ventes|000069|20230719|445710|TVA collectée|||V2023-0069|20230719|TVA facture V2023-0069||2092.85|||20230719|2092.85|EUR
VEN|Journal des ventes|000070|20230721|411000|Clients|CLI0070|Digital Corp|V2023-0070|20230721|Facture V2023-0070 Digital Corp|10433.96||||20230721|10433.96|EUR
VEN|Journal des ventes|000070|20230721|706000|Prestations de services|||V2023-0070|20230721|Prestation V2023-0070||8694.97|||20230721|8694.97|EUR
VEN|Journal des ventes|000070|20230721|445710|TVA collectée|||V2023-0070|20230721|TVA facture V2023-0070||1738.99|||20230721|1738.99|EUR
VEN|Journal des ventes|000071|20230724|411000|Clients|CLI0071|NetServices SA|V2023-0071|20230724|Facture V2023-0071 NetServices SA|6665.75||||20230724|6665.75|EUR
VEN|Journal des ventes|000071|20230724|706000|Prestations de services|||V2023-0071|20230724|Prestation V2023-0071||5554.79|||20230724|5554.79|EUR
VEN|Journal des ventes|000071|20230724|445710|TVA collectée|||V2023-0071|20230724|TVA facture V2023-0071||1110.96|||20230724|1110.96|EUR
VEN|Journal des ventes|000072|20230728|411000|Clients|CLI0072|InfoTech Partners|V2023-0072|20230728|Facture V2023-0072 InfoTech Partners|9302.86||||20230728|9302.86|EUR
VEN|Journal des ventes|000072|20230728|706000|Prestations de services|||V2023-0072|20230728|Prestation V2023-0072||7752.38|||20230728|7752.38|EUR
VEN|Journal des ventes|000072|20230728|445710|TVA collectée|||V2023-0072|20230728|TVA facture V2023-0072||1550.48|||20230728|1550.48|EUR
VEN|Journal des ventes|000073|20230730|411000|Clients|CLI0073|SystemPro SARL|V2023-0073|20230730|Facture V2023-0073 SystemPro SARL|11222.46||||20230730|11222.46|EUR
VEN|Journal des ventes|000073|20230730|706000|Prestations de services|||V2023-0073|20230730|Prestation V2023-0073||9352.05|||20230730|9352.05|EUR
VEN|Journal des ventes|000073|20230730|445710|TVA collectée|||V2023-0073|20230730|TVA facture V2023-0073||1870.41|||20230730|1870.41|EUR
VEN|Journal des ventes|000074|20230801|411000|Clients|CLI0074|WebServices Plus|V2023-0074|20230801|Facture V2023-0074 WebServices Plus|8277.84||||20230801|8277.84|EUR
VEN|Journal des ventes|000074|20230801|706000|Prestations de services|||V2023-0074|20230801|Prestation V2023-0074||6898.20|||20230801|6898.20|EUR
VEN|Journal des ventes|000074|20230801|445710|TVA collectée|||V2023-0074|20230801|TVA facture V2023-0074||1379.64|||20230801|1379.64|EUR
VEN|Journal des ventes|000075|20230804|411000|Clients|CLI0075|Digital Corp|V2023-0075|20230804|Facture V2023-0075 Digital Corp|13119.77||||20230804|13119.77|EUR
VEN|Journal des ventes|000075|20230804|706000|Prestations de services|||V2023-0075|20230804|Prestation V2023-0075||10933.14|||20230804|10933.14|EUR
VEN|Journal des ventes|000075|20230804|445710|TVA collectée|||V2023-0075|20230804|TVA facture V2023-0075||2186.63|||20230804|2186.63|EUR
VEN|Journal des ventes|000076|20230808|411000|Clients|CLI0076|TechVision SARL|V2023-0076|20230808|Facture V2023-0076 TechVision SARL|10425.98||||20230808|10425.98|EUR
VEN|Journal des ventes|000076|20230808|706000|Prestations de services|||V2023-0076|20230808|Prestation V2023-0076||8688.32|||20230808|8688.32|EUR
VEN|Journal des ventes|000076|20230808|445710|TVA collectée|||V2023-0076|20230808|TVA facture V2023-0076||1737.66|||20230808|1737.66|EUR
VEN|Journal des ventes|000077|20230812|411000|Clients|CLI0077|ACME Solutions SAS|V2023-0077|20230812|Facture V2023-0077 ACME Solutions SAS|11439.24||||20230812|11439.24|EUR
VEN|Journal des ventes|000077|20230812|706000|Prestations de services|||V2023-0077|20230812|Prestation V2023-0077||9532.70|||20230812|9532.70|EUR
VEN|Journal des ventes|000077|20230812|445710|TVA collectée|||V2023-0077|20230812|TVA facture V2023-0077||1906.54|||20230812|1906.54|EUR
VEN|Journal des ventes|000078|20230816|411000|Clients|CLI0078|SystemPro SARL|V2023-0078|20230816|Facture V2023-0078 SystemPro SARL|9726.50||||20230816|9726.50|EUR
VEN|Journal des ventes|000078|20230816|706000|Prestations de services|||V2023-0078|20230816|Prestation V2023-0078||8105.42|||20230816|8105.42|EUR
VEN|Journal des ventes|000078|20230816|445710|TVA collectée|||V2023-0078|20230816|TVA facture V2023-0078||1621.08|||20230816|1621.08|EUR
VEN|Journal des ventes|000079|20230819|411000|Clients|CLI0079|Innovatech SA|V2023-0079|20230819|Facture V2023-0079 Innovatech SA|5519.87||||20230819|5519.87|EUR
VEN|Journal des ventes|000079|20230819|706000|Prestations de services|||V2023-0079|20230819|Prestation V2023-0079||4599.89|||20230819|4599.89|EUR
VEN|Journal des ventes|000079|20230819|445710|TVA collectée|||V2023-0079|20230819|TVA facture V2023-0079||919.98|||20230819|919.98|EUR
VEN|Journal des ventes|000080|20230822|411000|Clients|CLI0080|Innovatech SA|V2023-0080|20230822|Facture V2023-0080 Innovatech SA|8531.39||||20230822|8531.39|EUR
VEN|Journal des ventes|000080|20230822|706000|Prestations de services|||V2023-0080|20230822|Prestation V2023-0080||7109.49|||20230822|7109.49|EUR
VEN|Journal des ventes|000080|20230822|445710|TVA collectée|||V2023-0080|20230822|TVA facture V2023-0080||1421.90|||20230822|1421.90|EUR
VEN|Journal des ventes|000081|20230826|411000|Clients|CLI0081|SystemPro SARL|V2023-0081|20230826|Facture V2023-0081 SystemPro SARL|13453.67||||20230826|13453.67|EUR
VEN|Journal des ventes|000081|20230826|706000|Prestations de services|||V2023-0081|20230826|Prestation V2023-0081||11211.39|||20230826|11211.39|EUR
VEN|Journal des ventes|000081|20230826|445710|TVA collectée|||V2023-0081|20230826|TVA facture V2023-0081||2242.28|||20230826|2242.28|EUR
VEN|Journal des ventes|000082|20230830|411000|Clients|CLI0082|Digital Corp|V2023-0082|20230830|Facture V2023-0082 Digital Corp|13371.06||||20230830|13371.06|EUR
VEN|Journal des ventes|000082|20230830|706000|Prestations de services|||V2023-0082|20230830|Prestation V2023-0082||11142.55|||20230830|11142.55|EUR
VEN|Journal des ventes|000082|20230830|445710|TVA collectée|||V2023-0082|20230830|TVA facture V2023-0082||2228.51|||20230830|2228.51|EUR
VEN|Journal des ventes|000083|20230901|411000|Clients|CLI0083|InfoTech Partners|V2023-0083|20230901|Facture V2023-0083 InfoTech Partners|5620.86||||20230901|5620.86|EUR
VEN|Journal des ventes|000083|20230901|706000|Prestations de services|||V2023-0083|20230901|Prestation V2023-0083||4684.05|||20230901|4684.05|EUR
VEN|Journal des ventes|000083|20230901|445710|TVA collectée|||V2023-0083|20230901|TVA facture V2023-0083||936.81|||20230901|936.81|EUR
VEN|Journal des ventes|000084|20230904|411000|Clients|CLI0084|SystemPro SARL|V2023-0084|20230904|Facture V2023-0084 SystemPro SARL|13491.43||||20230904|13491.43|EUR
VEN|Journal des ventes|000084|20230904|706000|Prestations de services|||V2023-0084|20230904|Prestation V2023-0084||11242.86|||20230904|11242.86|EUR
VEN|Journal des ventes|000084|20230904|445710|TVA collectée|||V2023-0084|20230904|TVA facture V2023-0084||2248.57|||20230904|2248.57|EUR
VEN|Journal des ventes|000085|20230907|411000|Clients|CLI0085|DataSystems SAS|V2023-0085|20230907|Facture V2023-0085 DataSystems SAS|12464.93||||20230907|12464.93|EUR
VEN|Journal des ventes|000085|20230907|706000|Prestations de services|||V2023-0085|20230907|Prestation V2023-0085||10387.44|||20230907|10387.44|EUR
VEN|Journal des ventes|000085|20230907|445710|TVA collectée|||V2023-0085|20230907|TVA facture V2023-0085||2077.49|||20230907|2077.49|EUR
VEN|Journal des ventes|000086|20230910|411000|Clients|CLI0086|SystemPro SARL|V2023-0086|20230910|Facture V2023-0086 SystemPro SARL|12863.41||||20230910|12863.41|EUR
VEN|Journal des ventes|000086|20230910|706000|Prestations de services|||V2023-0086|20230910|Prestation V2023-0086||10719.51|||20230910|10719.51|EUR
VEN|Journal des ventes|000086|20230910|445710|TVA collectée|||V2023-0086|20230910|TVA facture V2023-0086||2143.90|||20230910|2143.90|EUR
VEN|Journal des ventes|000087|20230914|411000|Clients|CLI0087|SystemPro SARL|V2023-0087|20230914|Facture V2023-0087 SystemPro SARL|8786.09||||20230914|8786.09|EUR
VEN|Journal des ventes|000087|20230914|706000|Prestations de services|||V2023-0087|20230914|Prestation V2023-0087||7321.74|||20230914|7321.74|EUR
VEN|Journal des ventes|000087|20230914|445710|TVA collectée|||V2023-0087|20230914|TVA facture V2023-0087||1464.35|||20230914|1464.35|EUR
VEN|Journal des ventes|000088|20230918|411000|Clients|CLI0088|DataSystems SAS|V2023-0088|20230918|Facture V2023-0088 DataSystems SAS|7688.47||||20230918|7688.47|EUR
VEN|Journal des ventes|000088|20230918|706000|Prestations de services|||V2023-0088|20230918|Prestation V2023-0088||6407.06|||20230918|6407.06|EUR
VEN|Journal des ventes|000088|20230918|445710|TVA collectée|||V2023-0088|20230918|TVA facture V2023-0088||1281.41|||20230918|1281.41|EUR
VEN|Journal des ventes|000089|20230920|411000|Clients|CLI0089|Digital Corp|V2023-0089|20230920|Facture V2023-0089 Digital Corp|9178.50||||20230920|9178.50|EUR
VEN|Journal des ventes|000089|20230920|706000|Prestations de services|||V2023-0089|20230920|Prestation V2023-0089||7648.75|||20230920|7648.75|EUR
VEN|Journal des ventes|000089|20230920|445710|TVA collectée|||V2023-0089|20230920|TVA facture V2023-0089||1529.75|||20230920|1529.75|EUR
VEN|Journal des ventes|000090|20230923|411000|Clients|CLI0090|GlobalIT France|V2023-0090|20230923|Facture V2023-0090 GlobalIT France|8651.23||||20230923|8651.23|EUR
VEN|Journal des ventes|000090|20230923|706000|Prestations de services|||V2023-0090|20230923|Prestation V2023-0090||7209.36|||20230923|7209.36|EUR
VEN|Journal des ventes|000090|20230923|445710|TVA collectée|||V2023-0090|20230923|TVA facture V2023-0090||1441.87|||20230923|1441.87|EUR
VEN|Journal des ventes|000091|20230927|411000|Clients|CLI0091|SystemPro SARL|V2023-0091|20230927|Facture V2023-0091 SystemPro SARL|11970.46||||20230927|11970.46|EUR
VEN|Journal des ventes|000091|20230927|706000|Prestations de services|||V2023-0091|20230927|Prestation V2023-0091||9975.38|||20230927|9975.38|EUR
VEN|Journal des ventes|000091|20230927|445710|TVA collectée|||V2023-0091|20230927|TVA facture V2023-0091||1995.08|||20230927|1995.08|EUR
VEN|Journal des ventes|000092|20230929|411000|Clients|CLI0092|DataSystems SAS|V2023-0092|20230929|Facture V2023-0092 DataSystems SAS|6825.90||||20230929|6825.90|EUR
VEN|Journal des ventes|000092|20230929|706000|Prestations de services|||V2023-0092|20230929|Prestation V2023-0092||5688.25|||20230929|5688.25|EUR
VEN|Journal des ventes|000092|20230929|445710|TVA collectée|||V2023-0092|20230929|TVA facture V2023-0092||1137.65|||20230929|1137.65|EUR
VEN|Journal des ventes|000093|20231001|411000|Clients|CLI0093|WebServices Plus|V2023-0093|20231001|Facture V2023-0093 WebServices Plus|13155.77||||20231001|13155.77|EUR
VEN|Journal des ventes|000093|20231001|706000|Prestations de services|||V2023-0093|20231001|Prestation V2023-0093||10963.14|||20231001|10963.14|EUR
VEN|Journal des ventes|000093|20231001|445710|TVA collectée|||V2023-0093|20231001|TVA facture V2023-0093||2192.63|||20231001|2192.63|EUR
VEN|Journal des ventes|000094|20231003|411000|Clients|CLI0094|NetServices SA|V2023-0094|20231003|Facture V2023-0094 NetServices SA|8744.28||||20231003|8744.28|EUR
VEN|Journal des ventes|000094|20231003|706000|Prestations de services|||V2023-0094|20231003|Prestation V2023-0094||7286.90|||20231003|7286.90|EUR
VEN|Journal des ventes|000094|20231003|445710|TVA collectée|||V2023-0094|20231003|TVA facture V2023-0094||1457.38|||20231003|1457.38|EUR
VEN|Journal des ventes|000095|20231005|411000|Clients|CLI0095|GlobalIT France|V2023-0095|20231005|Facture V2023-0095 GlobalIT France|6411.54||||20231005|6411.54|EUR
VEN|Journal des ventes|000095|20231005|706000|Prestations de services|||V2023-0095|20231005|Prestation V2023-0095||5342.95|||20231005|5342.95|EUR
VEN|Journal des ventes|000095|20231005|445710|TVA collectée|||V2023-0095|20231005|TVA facture V2023-0095||1068.59|||20231005|1068.59|EUR
VEN|Journal des ventes|000096|20231008|411000|Clients|CLI0096|CloudExpert EURL|V2023-0096|20231008|Facture V2023-0096 CloudExpert EURL|5321.08||||20231008|5321.08|EUR
VEN|Journal des ventes|000096|20231008|706000|Prestations de services|||V2023-0096|20231008|Prestation V2023-0096||4434.23|||20231008|4434.23|EUR
VEN|Journal des ventes|000096|20231008|445710|TVA collectée|||V2023-0096|20231008|TVA facture V2023-0096||886.85|||20231008|886.85|EUR
VEN|Journal des ventes|000097|20231010|411000|Clients|CLI0097|SystemPro SARL|V2023-0097|20231010|Facture V2023-0097 SystemPro SARL|7936.37||||20231010|7936.37|EUR
VEN|Journal des ventes|000097|20231010|706000|Prestations de services|||V2023-0097|20231010|Prestation V2023-0097||6613.64|||20231010|6613.64|EUR
VEN|Journal des ventes|000097|20231010|445710|TVA collectée|||V2023-0097|20231010|TVA facture V2023-0097||1322.73|||20231010|1322.73|EUR
VEN|Journal des ventes|000098|20231012|411000|Clients|CLI0098|SmartConseil|V2023-0098|20231012|Facture V2023-0098 SmartConseil|12211.58||||20231012|12211.58|EUR
VEN|Journal des ventes|000098|20231012|706000|Prestations de services|||V2023-0098|20231012|Prestation V2023-0098||10176.32|||20231012|10176.32|EUR
VEN|Journal des ventes|000098|20231012|445710|TVA collectée|||V2023-0098|20231012|TVA facture V2023-0098||2035.26|||20231012|2035.26|EUR
VEN|Journal des ventes|000099|20231015|411000|Clients|CLI0099|CloudExpert EURL|V2023-0099|20231015|Facture V2023-0099 CloudExpert EURL|9710.05||||20231015|9710.05|EUR
VEN|Journal des ventes|000099|20231015|706000|Prestations de services|||V2023-0099|20231015|Prestation V2023-0099||8091.71|||20231015|8091.71|EUR
VEN|Journal des ventes|000099|20231015|445710|TVA collectée|||V2023-0099|20231015|TVA facture V2023-0099||1618.34|||20231015|1618.34|EUR
VEN|Journal des ventes|000100|20231019|411000|Clients|CLI0100|WebServices Plus|V2023-0100|20231019|Facture V2023-0100 WebServices Plus|8069.17||||20231019|8069.17|EUR
VEN|Journal des ventes|000100|20231019|706000|Prestations de services|||V2023-0100|20231019|Prestation V2023-0100||6724.31|||20231019|6724.31|EUR
VEN|Journal des ventes|000100|20231019|445710|TVA collectée|||V2023-0100|20231019|TVA facture V2023-0100||1344.86|||20231019|1344.86|EUR
VEN|Journal des ventes|000101|20231021|411000|Clients|CLI0101|ACME Solutions SAS|V2023-0101|20231021|Facture V2023-0101 ACME Solutions SAS|12565.31||||20231021|12565.31|EUR
VEN|Journal des ventes|000101|20231021|706000|Prestations de services|||V2023-0101|20231021|Prestation V2023-0101||10471.09|||20231021|10471.09|EUR
VEN|Journal des ventes|000101|20231021|445710|TVA collectée|||V2023-0101|20231021|TVA facture V2023-0101||2094.22|||20231021|2094.22|EUR
VEN|Journal des ventes|000102|20231023|411000|Clients|CLI0102|GlobalIT France|V2023-0102|20231023|Facture V2023-0102 GlobalIT France|4389.40||||20231023|4389.40|EUR
VEN|Journal des ventes|000102|20231023|706000|Prestations de services|||V2023-0102|20231023|Prestation V2023-0102||3657.83|||20231023|3657.83|EUR
VEN|Journal des ventes|000102|20231023|445710|TVA collectée|||V2023-0102|20231023|TVA facture V2023-0102||731.57|||20231023|731.57|EUR
VEN|Journal des ventes|000103|20231025|411000|Clients|CLI0103|InfoTech Partners|V2023-0103|20231025|Facture V2023-0103 InfoTech Partners|9638.05||||20231025|9638.05|EUR
VEN|Journal des ventes|000103|20231025|706000|Prestations de services|||V2023-0103|20231025|Prestation V2023-0103||8031.71|||20231025|8031.71|EUR
VEN|Journal des ventes|000103|20231025|445710|TVA collectée|||V2023-0103|20231025|TVA facture V2023-0103||1606.34|||20231025|1606.34|EUR
VEN|Journal des ventes|000104|20231029|411000|Clients|CLI0104|WebServices Plus|V2023-0104|20231029|Facture V2023-0104 WebServices Plus|8064.49||||20231029|8064.49|EUR
VEN|Journal des ventes|000104|20231029|706000|Prestations de services|||V2023-0104|20231029|Prestation V2023-0104||6720.41|||20231029|6720.41|EUR
VEN|Journal des ventes|000104|20231029|445710|TVA collectée|||V2023-0104|20231029|TVA facture V2023-0104||1344.08|||20231029|1344.08|EUR
VEN|Journal des ventes|000105|20231101|411000|Clients|CLI0105|CloudExpert EURL|V2023-0105|20231101|Facture V2023-0105 CloudExpert EURL|5482.79||||20231101|5482.79|EUR
VEN|Journal des ventes|000105|20231101|706000|Prestations de services|||V2023-0105|20231101|Prestation V2023-0105||4568.99|||20231101|4568.99|EUR
VEN|Journal des ventes|000105|20231101|445710|TVA collectée|||V2023-0105|20231101|TVA facture V2023-0105||913.80|||20231101|913.80|EUR
VEN|Journal des ventes|000106|20231103|411000|Clients|CLI0106|InfoTech Partners|V2023-0106|20231103|Facture V2023-0106 InfoTech Partners|10979.68||||20231103|10979.68|EUR
VEN|Journal des ventes|000106|20231103|706000|Prestations de services|||V2023-0106|20231103|Prestation V2023-0106||9149.73|||20231103|9149.73|EUR
VEN|Journal des ventes|000106|20231103|445710|TVA collectée|||V2023-0106|20231103|TVA facture V2023-0106||1829.95|||20231103|1829.95|EUR
VEN|Journal des ventes|000107|20231106|411000|Clients|CLI0107|ACME Solutions SAS|V2023-0107|20231106|Facture V2023-0107 ACME Solutions SAS|11390.53||||20231106|11390.53|EUR
VEN|Journal des ventes|000107|20231106|706000|Prestations de services|||V2023-0107|20231106|Prestation V2023-0107||9492.11|||20231106|9492.11|EUR
VEN|Journal des ventes|000107|20231106|445710|TVA collectée|||V2023-0107|20231106|TVA facture V2023-0107||1898.42|||20231106|1898.42|EUR
VEN|Journal des ventes|000108|20231110|411000|Clients|CLI0108|Innovatech SA|V2023-0108|20231110|Facture V2023-0108 Innovatech SA|14320.67||||20231110|14320.67|EUR
VEN|Journal des ventes|000108|20231110|706000|Prestations de services|||V2023-0108|20231110|Prestation V2023-0108||11933.89|||20231110|11933.89|EUR
VEN|Journal des ventes|000108|20231110|445710|TVA collectée|||V2023-0108|20231110|TVA facture V2023-0108||2386.78|||20231110|2386.78|EUR
VEN|Journal des ventes|000109|20231113|411000|Clients|CLI0109|DataSystems SAS|V2023-0109|20231113|Facture V2023-0109 DataSystems SAS|5481.82||||20231113|5481.82|EUR
VEN|Journal des ventes|000109|20231113|706000|Prestations de services|||V2023-0109|20231113|Prestation V2023-0109||4568.18|||20231113|4568.18|EUR
VEN|Journal des ventes|000109|20231113|445710|TVA collectée|||V2023-0109|20231113|TVA facture V2023-0109||913.64|||20231113|913.64|EUR
VEN|Journal des ventes|000110|20231115|411000|Clients|CLI0110|SmartConseil|V2023-0110|20231115|Facture V2023-0110 SmartConseil|13147.88||||20231115|13147.88|EUR
VEN|Journal des ventes|000110|20231115|706000|Prestations de services|||V2023-0110|20231115|Prestation V2023-0110||10956.57|||20231115|10956.57|EUR
VEN|Journal des ventes|000110|20231115|445710|TVA collectée|||V2023-0110|20231115|TVA facture V2023-0110||2191.31|||20231115|2191.31|EUR
VEN|Journal des ventes|000111|20231119|411000|Clients|CLI0111|WebServices Plus|V2023-0111|20231119|Facture V2023-0111 WebServices Plus|5603.76||||20231119|5603.76|EUR
VEN|Journal des ventes|000111|20231119|706000|Prestations de services|||V2023-0111|20231119|Prestation V2023-0111||4669.80|||20231119|4669.80|EUR
VEN|Journal des ventes|000111|20231119|445710|TVA collectée|||V2023-0111|20231119|TVA facture V2023-0111||933.96|||20231119|933.96|EUR
VEN|Journal des ventes|000112|20231121|411000|Clients|CLI0112|Innovatech SA|V2023-0112|20231121|Facture V2023-0112 Innovatech SA|6098.77||||20231121|6098.77|EUR
VEN|Journal des ventes|000112|20231121|706000|Prestations de services|||V2023-0112|20231121|Prestation V2023-0112||5082.31|||20231121|5082.31|EUR
VEN|Journal des ventes|000112|20231121|445710|TVA collectée|||V2023-0112|20231121|TVA facture V2023-0112||1016.46|||20231121|1016.46|EUR
VEN|Journal des ventes|000113|20231124|411000|Clients|CLI0113|WebServices Plus|V2023-0113|20231124|Facture V2023-0113 WebServices Plus|7777.37||||20231124|7777.37|EUR
VEN|Journal des ventes|000113|20231124|706000|Prestations de services|||V2023-0113|20231124|Prestation V2023-0113||6481.14|||20231124|6481.14|EUR
VEN|Journal des ventes|000113|20231124|445710|TVA collectée|||V2023-0113|20231124|TVA facture V2023-0113||1296.23|||20231124|1296.23|EUR
VEN|Journal des ventes|000114|20231126|411000|Clients|CLI0114|SmartConseil|V2023-0114|20231126|Facture V2023-0114 SmartConseil|12134.60||||20231126|12134.60|EUR
VEN|Journal des ventes|000114|20231126|706000|Prestations de services|||V2023-0114|20231126|Prestation V2023-0114||10112.17|||20231126|10112.17|EUR
VEN|Journal des ventes|000114|20231126|445710|TVA collectée|||V2023-0114|20231126|TVA facture V2023-0114||2022.43|||20231126|2022.43|EUR
VEN|Journal des ventes|000115|20231129|411000|Clients|CLI0115|GlobalIT France|V2023-0115|20231129|Facture V2023-0115 GlobalIT France|5621.30||||20231129|5621.30|EUR
VEN|Journal des ventes|000115|20231129|706000|Prestations de services|||V2023-0115|20231129|Prestation V2023-0115||4684.42|||20231129|4684.42|EUR
VEN|Journal des ventes|000115|20231129|445710|TVA collectée|||V2023-0115|20231129|TVA facture V2023-0115||936.88|||20231129|936.88|EUR
VEN|Journal des ventes|000116|20231202|411000|Clients|CLI0116|SmartConseil|V2023-0116|20231202|Facture V2023-0116 SmartConseil|12403.52||||20231202|12403.52|EUR
VEN|Journal des ventes|000116|20231202|706000|Prestations de services|||V2023-0116|20231202|Prestation V2023-0116||10336.27|||20231202|10336.27|EUR
VEN|Journal des ventes|000116|20231202|445710|TVA collectée|||V2023-0116|20231202|TVA facture V2023-0116||2067.25|||20231202|2067.25|EUR
VEN|Journal des ventes|000117|20231204|411000|Clients|CLI0117|GlobalIT France|V2023-0117|20231204|Facture V2023-0117 GlobalIT France|8915.66||||20231204|8915.66|EUR
VEN|Journal des ventes|000117|20231204|706000|Prestations de services|||V2023-0117|20231204|Prestation V2023-0117||7429.72|||20231204|7429.72|EUR
VEN|Journal des ventes|000117|20231204|445710|TVA collectée|||V2023-0117|20231204|TVA facture V2023-0117||1485.94|||20231204|1485.94|EUR
VEN|Journal des ventes|000118|20231207|411000|Clients|CLI0118|SmartConseil|V2023-0118|20231207|Facture V2023-0118 SmartConseil|14337.40||||20231207|14337.40|EUR
VEN|Journal des ventes|000118|20231207|706000|Prestations de services|||V2023-0118|20231207|Prestation V2023-0118||11947.83|||20231207|11947.83|EUR
VEN|Journal des ventes|000118|20231207|445710|TVA collectée|||V2023-0118|20231207|TVA facture V2023-0118||2389.57|||20231207|2389.57|EUR
VEN|Journal des ventes|000119|20231211|411000|Clients|CLI0119|Digital Corp|V2023-0119|20231211|Facture V2023-0119 Digital Corp|10794.73||||20231211|10794.73|EUR
VEN|Journal des ventes|000119|20231211|706000|Prestations de services|||V2023-0119|20231211|Prestation V2023-0119||8995.61|||20231211|8995.61|EUR
VEN|Journal des ventes|000119|20231211|445710|TVA collectée|||V2023-0119|20231211|TVA facture V2023-0119||1799.12|||20231211|1799.12|EUR
VEN|Journal des ventes|000120|20231214|411000|Clients|CLI0120|TechVision SARL|V2023-0120|20231214|Facture V2023-0120 TechVision SARL|9990.19||||20231214|9990.19|EUR
VEN|Journal des ventes|000120|20231214|706000|Prestations de services|||V2023-0120|20231214|Prestation V2023-0120||8325.16|||20231214|8325.16|EUR
VEN|Journal des ventes|000120|20231214|445710|TVA collectée|||V2023-0120|20231214|TVA facture V2023-0120||1665.03|||20231214|1665.03|EUR
ACH|Journal des achats|000121|20230103|401000|Fournisseurs|FOU0001|Dropbox Business|FA2023-0001|20230103|Facture Dropbox Business||1483.22|||20230103|1483.22|EUR
ACH|Journal des achats|000121|20230103|611000|Sous-traitance|||FA2023-0001|20230103|Sous-traitance FA2023-0001|1236.02||||20230103|1236.02|EUR
ACH|Journal des achats|000121|20230103|445620|TVA déductible|||FA2023-0001|20230103|TVA facture FA2023-0001|247.20||||20230103|247.20|EUR
ACH|Journal des achats|000122|20230105|401000|Fournisseurs|FOU0002|Google Cloud|FA2023-0002|20230105|Facture Google Cloud||1155.31|||20230105|1155.31|EUR
ACH|Journal des achats|000122|20230105|611000|Sous-traitance|||FA2023-0002|20230105|Sous-traitance FA2023-0002|962.76||||20230105|962.76|EUR
ACH|Journal des achats|000122|20230105|445620|TVA déductible|||FA2023-0002|20230105|TVA facture FA2023-0002|192.55||||20230105|192.55|EUR
ACH|Journal des achats|000123|20230110|401000|Fournisseurs|FOU0003|OVH Cloud|FA2023-0003|20230110|Facture OVH Cloud||1557.24|||20230110|1557.24|EUR
ACH|Journal des achats|000123|20230110|622600|Honoraires|||FA2023-0003|20230110|Honoraires FA2023-0003|1297.70||||20230110|1297.70|EUR
ACH|Journal des achats|000123|20230110|445620|TVA déductible|||FA2023-0003|20230110|TVA facture FA2023-0003|259.54||||20230110|259.54|EUR
ACH|Journal des achats|000124|20230116|401000|Fournisseurs|FOU0004|Lenovo France|FA2023-0004|20230116|Facture Lenovo France||962.45|||20230116|962.45|EUR
ACH|Journal des achats|000124|20230116|606100|Achats matériels et fournitures|||FA2023-0004|20230116|Achats matériels et fournitures FA2023-0004|802.04||||20230116|802.04|EUR
ACH|Journal des achats|000124|20230116|445620|TVA déductible|||FA2023-0004|20230116|TVA facture FA2023-0004|160.41||||20230116|160.41|EUR
ACH|Journal des achats|000125|20230119|401000|Fournisseurs|FOU0005|Dell Technologies|FA2023-0005|20230119|Facture Dell Technologies||1044.23|||20230119|1044.23|EUR
ACH|Journal des achats|000125|20230119|606100|Achats matériels et fournitures|||FA2023-0005|20230119|Achats matériels et fournitures FA2023-0005|870.19||||20230119|870.19|EUR
ACH|Journal des achats|000125|20230119|445620|TVA déductible|||FA2023-0005|20230119|TVA facture FA2023-0005|174.04||||20230119|174.04|EUR
ACH|Journal des achats|000126|20230124|401000|Fournisseurs|FOU0006|Slack Technologies|FA2023-0006|20230124|Facture Slack Technologies||1631.60|||20230124|1631.60|EUR
ACH|Journal des achats|000126|20230124|622600|Honoraires|||FA2023-0006|20230124|Honoraires FA2023-0006|1359.67||||20230124|1359.67|EUR
ACH|Journal des achats|000126|20230124|445620|TVA déductible|||FA2023-0006|20230124|TVA facture FA2023-0006|271.93||||20230124|271.93|EUR
ACH|Journal des achats|000127|20230128|401000|Fournisseurs|FOU0007|AWS Europe|FA2023-0007|20230128|Facture AWS Europe||2964.12|||20230128|2964.12|EUR
ACH|Journal des achats|000127|20230128|611000|Sous-traitance|||FA2023-0007|20230128|Sous-traitance FA2023-0007|2470.10||||20230128|2470.10|EUR
ACH|Journal des achats|000127|20230128|445620|TVA déductible|||FA2023-0007|20230128|TVA facture FA2023-0007|494.02||||20230128|494.02|EUR
ACH|Journal des achats|000128|20230201|401000|Fournisseurs|FOU0008|Salesforce EMEA|FA2023-0008|20230201|Facture Salesforce EMEA||1663.72|||20230201|1663.72|EUR
ACH|Journal des achats|000128|20230201|606100|Achats matériels et fournitures|||FA2023-0008|20230201|Achats matériels et fournitures FA2023-0008|1386.43||||20230201|1386.43|EUR
ACH|Journal des achats|000128|20230201|445620|TVA déductible|||FA2023-0008|20230201|TVA facture FA2023-0008|277.29||||20230201|277.29|EUR
ACH|Journal des achats|000129|20230204|401000|Fournisseurs|FOU0009|Dropbox Business|FA2023-0009|20230204|Facture Dropbox Business||2351.90|||20230204|2351.90|EUR
ACH|Journal des achats|000129|20230204|611000|Sous-traitance|||FA2023-0009|20230204|Sous-traitance FA2023-0009|1959.92||||20230204|1959.92|EUR
ACH|Journal des achats|000129|20230204|445620|TVA déductible|||FA2023-0009|20230204|TVA facture FA2023-0009|391.98||||20230204|391.98|EUR
ACH|Journal des achats|000130|20230208|401000|Fournisseurs|FOU0010|Bureau Vallée|FA2023-0010|20230208|Facture Bureau Vallée||1876.49|||20230208|1876.49|EUR
ACH|Journal des achats|000130|20230208|622600|Honoraires|||FA2023-0010|20230208|Honoraires FA2023-0010|1563.74||||20230208|1563.74|EUR
ACH|Journal des achats|000130|20230208|445620|TVA déductible|||FA2023-0010|20230208|TVA facture FA2023-0010|312.75||||20230208|312.75|EUR
ACH|Journal des achats|000131|20230213|401000|Fournisseurs|FOU0011|Lenovo France|FA2023-0011|20230213|Facture Lenovo France||2077.50|||20230213|2077.50|EUR
ACH|Journal des achats|000131|20230213|611000|Sous-traitance|||FA2023-0011|20230213|Sous-traitance FA2023-0011|1731.25||||20230213|1731.25|EUR
ACH|Journal des achats|000131|20230213|445620|TVA déductible|||FA2023-0011|20230213|TVA facture FA2023-0011|346.25||||20230213|346.25|EUR
ACH|Journal des achats|000132|20230218|401000|Fournisseurs|FOU0012|IKEA Pro|FA2023-0012|20230218|Facture IKEA Pro||1800.44|||20230218|1800.44|EUR
ACH|Journal des achats|000132|20230218|611000|Sous-traitance|||FA2023-0012|20230218|Sous-traitance FA2023-0012|1500.37||||20230218|1500.37|EUR
ACH|Journal des achats|000132|20230218|445620|TVA déductible|||FA2023-0012|20230218|TVA facture FA2023-0012|300.07||||20230218|300.07|EUR
ACH|Journal des achats|000133|20230221|401000|Fournisseurs|FOU0013|Oracle France|FA2023-0013|20230221|Facture Oracle France||820.49|||20230221|820.49|EUR
ACH|Journal des achats|000133|20230221|611000|Sous-traitance|||FA2023-0013|20230221|Sous-traitance FA2023-0013|683.74||||20230221|683.74|EUR
ACH|Journal des achats|000133|20230221|445620|TVA déductible|||FA2023-0013|20230221|TVA facture FA2023-0013|136.75||||20230221|136.75|EUR
ACH|Journal des achats|000134|20230227|401000|Fournisseurs|FOU0014|Microsoft France|FA2023-0014|20230227|Facture Microsoft France||3130.39|||20230227|3130.39|EUR
ACH|Journal des achats|000134|20230227|622600|Honoraires|||FA2023-0014|20230227|Honoraires FA2023-0014|2608.66||||20230227|2608.66|EUR
ACH|Journal des achats|000134|20230227|445620|TVA déductible|||FA2023-0014|20230227|TVA facture FA2023-0014|521.73||||20230227|521.73|EUR
ACH|Journal des achats|000135|20230304|401000|Fournisseurs|FOU0015|OVH Cloud|FA2023-0015|20230304|Facture OVH Cloud||2928.08|||20230304|2928.08|EUR
ACH|Journal des achats|000135|20230304|611000|Sous-traitance|||FA2023-0015|20230304|Sous-traitance FA2023-0015|2440.07||||20230304|2440.07|EUR
ACH|Journal des achats|000135|20230304|445620|TVA déductible|||FA2023-0015|20230304|TVA facture FA2023-0015|488.01||||20230304|488.01|EUR
ACH|Journal des achats|000136|20230310|401000|Fournisseurs|FOU0016|Xerox France|FA2023-0016|20230310|Facture Xerox France||3041.99|||20230310|3041.99|EUR
ACH|Journal des achats|000136|20230310|611000|Sous-traitance|||FA2023-0016|20230310|Sous-traitance FA2023-0016|2534.99||||20230310|2534.99|EUR
ACH|Journal des achats|000136|20230310|445620|TVA déductible|||FA2023-0016|20230310|TVA facture FA2023-0016|507.00||||20230310|507.00|EUR
ACH|Journal des achats|000137|20230316|401000|Fournisseurs|FOU0017|Slack Technologies|FA2023-0017|20230316|Facture Slack Technologies||1848.02|||20230316|1848.02|EUR
ACH|Journal des achats|000137|20230316|622600|Honoraires|||FA2023-0017|20230316|Honoraires FA2023-0017|1540.02||||20230316|1540.02|EUR
ACH|Journal des achats|000137|20230316|445620|TVA déductible|||FA2023-0017|20230316|TVA facture FA2023-0017|308.00||||20230316|308.00|EUR
ACH|Journal des achats|000138|20230318|401000|Fournisseurs|FOU0018|Dropbox Business|FA2023-0018|20230318|Facture Dropbox Business||2268.16|||20230318|2268.16|EUR
ACH|Journal des achats|000138|20230318|606100|Achats matériels et fournitures|||FA2023-0018|20230318|Achats matériels et fournitures FA2023-0018|1890.13||||20230318|1890.13|EUR
ACH|Journal des achats|000138|20230318|445620|TVA déductible|||FA2023-0018|20230318|TVA facture FA2023-0018|378.03||||20230318|378.03|EUR
ACH|Journal des achats|000139|20230322|401000|Fournisseurs|FOU0019|IKEA Pro|FA2023-0019|20230322|Facture IKEA Pro||1569.94|||20230322|1569.94|EUR
ACH|Journal des achats|000139|20230322|611000|Sous-traitance|||FA2023-0019|20230322|Sous-traitance FA2023-0019|1308.28||||20230322|1308.28|EUR
ACH|Journal des achats|000139|20230322|445620|TVA déductible|||FA2023-0019|20230322|TVA facture FA2023-0019|261.66||||20230322|261.66|EUR
ACH|Journal des achats|000140|20230326|401000|Fournisseurs|FOU0020|Lenovo France|FA2023-0020|20230326|Facture Lenovo France||2781.08|||20230326|2781.08|EUR
ACH|Journal des achats|000140|20230326|622600|Honoraires|||FA2023-0020|20230326|Honoraires FA2023-0020|2317.57||||20230326|2317.57|EUR
ACH|Journal des achats|000140|20230326|445620|TVA déductible|||FA2023-0020|20230326|TVA facture FA2023-0020|463.51||||20230326|463.51|EUR
ACH|Journal des achats|000141|20230328|401000|Fournisseurs|FOU0021|Lenovo France|FA2023-0021|20230328|Facture Lenovo France||600.11|||20230328|600.11|EUR
ACH|Journal des achats|000141|20230328|622600|Honoraires|||FA2023-0021|20230328|Honoraires FA2023-0021|500.09||||20230328|500.09|EUR
ACH|Journal des achats|000141|20230328|445620|TVA déductible|||FA2023-0021|20230328|TVA facture FA2023-0021|100.02||||20230328|100.02|EUR
ACH|Journal des achats|000142|20230401|401000|Fournisseurs|FOU0022|IBM France|FA2023-0022|20230401|Facture IBM France||3507.10|||20230401|3507.10|EUR
ACH|Journal des achats|000142|20230401|611000|Sous-traitance|||FA2023-0022|20230401|Sous-traitance FA2023-0022|2922.58||||20230401|2922.58|EUR
ACH|Journal des achats|000142|20230401|445620|TVA déductible|||FA2023-0022|20230401|TVA facture FA2023-0022|584.52||||20230401|584.52|EUR
ACH|Journal des achats|000143|20230404|401000|Fournisseurs|FOU0023|AWS Europe|FA2023-0023|20230404|Facture AWS Europe||1300.21|||20230404|1300.21|EUR
ACH|Journal des achats|000143|20230404|622600|Honoraires|||FA2023-0023|20230404|Honoraires FA2023-0023|1083.51||||20230404|1083.51|EUR
ACH|Journal des achats|000143|20230404|445620|TVA déductible|||FA2023-0023|20230404|TVA facture FA2023-0023|216.70||||20230404|216.70|EUR
ACH|Journal des achats|000144|20230409|401000|Fournisseurs|FOU0024|Xerox France|FA2023-0024|20230409|Facture Xerox France||1100.21|||20230409|1100.21|EUR
ACH|Journal des achats|000144|20230409|622600|Honoraires|||FA2023-0024|20230409|Honoraires FA2023-0024|916.84||||20230409|916.84|EUR
ACH|Journal des achats|000144|20230409|445620|TVA déductible|||FA2023-0024|20230409|TVA facture FA2023-0024|183.37||||20230409|183.37|EUR
ACH|Journal des achats|000145|20230415|401000|Fournisseurs|FOU0025|AWS Europe|FA2023-0025|20230415|Facture AWS Europe||889.28|||20230415|889.28|EUR
ACH|Journal des achats|000145|20230415|622600|Honoraires|||FA2023-0025|20230415|Honoraires FA2023-0025|741.07||||20230415|741.07|EUR
ACH|Journal des achats|000145|20230415|445620|TVA déductible|||FA2023-0025|20230415|TVA facture FA2023-0025|148.21||||20230415|148.21|EUR
ACH|Journal des achats|000146|20230421|401000|Fournisseurs|FOU0026|Oracle France|FA2023-0026|20230421|Facture Oracle France||875.23|||20230421|875.23|EUR
ACH|Journal des achats|000146|20230421|606100|Achats matériels et fournitures|||FA2023-0026|20230421|Achats matériels et fournitures FA2023-0026|729.36||||20230421|729.36|EUR
ACH|Journal des achats|000146|20230421|445620|TVA déductible|||FA2023-0026|20230421|TVA facture FA2023-0026|145.87||||20230421|145.87|EUR
ACH|Journal des achats|000147|20230427|401000|Fournisseurs|FOU0027|Slack Technologies|FA2023-0027|20230427|Facture Slack Technologies||3069.47|||20230427|3069.47|EUR
ACH|Journal des achats|000147|20230427|606100|Achats matériels et fournitures|||FA2023-0027|20230427|Achats matériels et fournitures FA2023-0027|2557.89||||20230427|2557.89|EUR
ACH|Journal des achats|000147|20230427|445620|TVA déductible|||FA2023-0027|20230427|TVA facture FA2023-0027|511.58||||20230427|511.58|EUR
ACH|Journal des achats|000148|20230502|401000|Fournisseurs|FOU0028|Bureau Vallée|FA2023-0028|20230502|Facture Bureau Vallée||2074.40|||20230502|2074.40|EUR
ACH|Journal des achats|000148|20230502|606100|Achats matériels et fournitures|||FA2023-0028|20230502|Achats matériels et fournitures FA2023-0028|1728.67||||20230502|1728.67|EUR
ACH|Journal des achats|000148|20230502|445620|TVA déductible|||FA2023-0028|20230502|TVA facture FA2023-0028|345.73||||20230502|345.73|EUR
ACH|Journal des achats|000149|20230504|401000|Fournisseurs|FOU0029|Adobe Systems|FA2023-0029|20230504|Facture Adobe Systems||2815.26|||20230504|2815.26|EUR
ACH|Journal des achats|000149|20230504|606100|Achats matériels et fournitures|||FA2023-0029|20230504|Achats matériels et fournitures FA2023-0029|2346.05||||20230504|2346.05|EUR
ACH|Journal des achats|000149|20230504|445620|TVA déductible|||FA2023-0029|20230504|TVA facture FA2023-0029|469.21||||20230504|469.21|EUR
ACH|Journal des achats|000150|20230507|401000|Fournisseurs|FOU0030|Bureau Vallée|FA2023-0030|20230507|Facture Bureau Vallée||647.80|||20230507|647.80|EUR
ACH|Journal des achats|000150|20230507|606100|Achats matériels et fournitures|||FA2023-0030|20230507|Achats matériels et fournitures FA2023-0030|539.83||||20230507|539.83|EUR
ACH|Journal des achats|000150|20230507|445620|TVA déductible|||FA2023-0030|20230507|TVA facture FA2023-0030|107.97||||20230507|107.97|EUR
ACH|Journal des achats|000151|20230510|401000|Fournisseurs|FOU0031|Lenovo France|FA2023-0031|20230510|Facture Lenovo France||3379.98|||20230510|3379.98|EUR
ACH|Journal des achats|000151|20230510|611000|Sous-traitance|||FA2023-0031|20230510|Sous-traitance FA2023-0031|2816.65||||20230510|2816.65|EUR
ACH|Journal des achats|000151|20230510|445620|TVA déductible|||FA2023-0031|20230510|TVA facture FA2023-0031|563.33||||20230510|563.33|EUR
ACH|Journal des achats|000152|20230515|401000|Fournisseurs|FOU0032|Google Cloud|FA2023-0032|20230515|Facture Google Cloud||2863.70|||20230515|2863.70|EUR
ACH|Journal des achats|000152|20230515|622600|Honoraires|||FA2023-0032|20230515|Honoraires FA2023-0032|2386.42||||20230515|2386.42|EUR
ACH|Journal des achats|000152|20230515|445620|TVA déductible|||FA2023-0032|20230515|TVA facture FA2023-0032|477.28||||20230515|477.28|EUR
ACH|Journal des achats|000153|20230521|401000|Fournisseurs|FOU0033|Microsoft France|FA2023-0033|20230521|Facture Microsoft France||1346.68|||20230521|1346.68|EUR
ACH|Journal des achats|000153|20230521|611000|Sous-traitance|||FA2023-0033|20230521|Sous-traitance FA2023-0033|1122.23||||20230521|1122.23|EUR
ACH|Journal des achats|000153|20230521|445620|TVA déductible|||FA2023-0033|20230521|TVA facture FA2023-0033|224.45||||20230521|224.45|EUR
ACH|Journal des achats|000154|20230527|401000|Fournisseurs|FOU0034|Dropbox Business|FA2023-0034|20230527|Facture Dropbox Business||1981.28|||20230527|1981.28|EUR
ACH|Journal des achats|000154|20230527|611000|Sous-traitance|||FA2023-0034|20230527|Sous-traitance FA2023-0034|1651.07||||20230527|1651.07|EUR
ACH|Journal des achats|000154|20230527|445620|TVA déductible|||FA2023-0034|20230527|TVA facture FA2023-0034|330.21||||20230527|330.21|EUR
ACH|Journal des achats|000155|20230529|401000|Fournisseurs|FOU0035|AWS Europe|FA2023-0035|20230529|Facture AWS Europe||2315.59|||20230529|2315.59|EUR
ACH|Journal des achats|000155|20230529|606100|Achats matériels et fournitures|||FA2023-0035|20230529|Achats matériels et fournitures FA2023-0035|1929.66||||20230529|1929.66|EUR
ACH|Journal des achats|000155|20230529|445620|TVA déductible|||FA2023-0035|20230529|TVA facture FA2023-0035|385.93||||20230529|385.93|EUR
ACH|Journal des achats|000156|20230531|401000|Fournisseurs|FOU0036|Xerox France|FA2023-0036|20230531|Facture Xerox France||755.47|||20230531|755.47|EUR
ACH|Journal des achats|000156|20230531|622600|Honoraires|||FA2023-0036|20230531|Honoraires FA2023-0036|629.56||||20230531|629.56|EUR
ACH|Journal des achats|000156|20230531|445620|TVA déductible|||FA2023-0036|20230531|TVA facture FA2023-0036|125.91||||20230531|125.91|EUR
ACH|Journal des achats|000157|20230604|401000|Fournisseurs|FOU0037|Xerox France|FA2023-0037|20230604|Facture Xerox France||936.35|||20230604|936.35|EUR
ACH|Journal des achats|000157|20230604|606100|Achats matériels et fournitures|||FA2023-0037|20230604|Achats matériels et fournitures FA2023-0037|780.29||||20230604|780.29|EUR
ACH|Journal des achats|000157|20230604|445620|TVA déductible|||FA2023-0037|20230604|TVA facture FA2023-0037|156.06||||20230604|156.06|EUR
ACH|Journal des achats|000158|20230609|401000|Fournisseurs|FOU0038|OVH Cloud|FA2023-0038|20230609|Facture OVH Cloud||1872.44|||20230609|1872.44|EUR
ACH|Journal des achats|000158|20230609|606100|Achats matériels et fournitures|||FA2023-0038|20230609|Achats matériels et fournitures FA2023-0038|1560.37||||20230609|1560.37|EUR
ACH|Journal des achats|000158|20230609|445620|TVA déductible|||FA2023-0038|20230609|TVA facture FA2023-0038|312.07||||20230609|312.07|EUR
ACH|Journal des achats|000159|20230614|401000|Fournisseurs|FOU0039|Oracle France|FA2023-0039|20230614|Facture Oracle France||963.31|||20230614|963.31|EUR
ACH|Journal des achats|000159|20230614|606100|Achats matériels et fournitures|||FA2023-0039|20230614|Achats matériels et fournitures FA2023-0039|802.76||||20230614|802.76|EUR
ACH|Journal des achats|000159|20230614|445620|TVA déductible|||FA2023-0039|20230614|TVA facture FA2023-0039|160.55||||20230614|160.55|EUR
ACH|Journal des achats|000160|20230618|401000|Fournisseurs|FOU0040|Dropbox Business|FA2023-0040|20230618|Facture Dropbox Business||2712.91|||20230618|2712.91|EUR
ACH|Journal des achats|000160|20230618|622600|Honoraires|||FA2023-0040|20230618|Honoraires FA2023-0040|2260.76||||20230618|2260.76|EUR
ACH|Journal des achats|000160|20230618|445620|TVA déductible|||FA2023-0040|20230618|TVA facture FA2023-0040|452.15||||20230618|452.15|EUR
ACH|Journal des achats|000161|20230622|401000|Fournisseurs|FOU0041|Bureau Vallée|FA2023-0041|20230622|Facture Bureau Vallée||2801.20|||20230622|2801.20|EUR
ACH|Journal des achats|000161|20230622|622600|Honoraires|||FA2023-0041|20230622|Honoraires FA2023-0041|2334.33||||20230622|2334.33|EUR
ACH|Journal des achats|000161|20230622|445620|TVA déductible|||FA2023-0041|20230622|TVA facture FA2023-0041|466.87||||20230622|466.87|EUR
ACH|Journal des achats|000162|20230628|401000|Fournisseurs|FOU0042|Bureau Vallée|FA2023-0042|20230628|Facture Bureau Vallée||2131.86|||20230628|2131.86|EUR
ACH|Journal des achats|000162|20230628|622600|Honoraires|||FA2023-0042|20230628|Honoraires FA2023-0042|1776.55||||20230628|1776.55|EUR
ACH|Journal des achats|000162|20230628|445620|TVA déductible|||FA2023-0042|20230628|TVA facture FA2023-0042|355.31||||20230628|355.31|EUR
ACH|Journal des achats|000163|20230702|401000|Fournisseurs|FOU0043|Microsoft France|FA2023-0043|20230702|Facture Microsoft France||655.58|||20230702|655.58|EUR
ACH|Journal des achats|000163|20230702|606100|Achats matériels et fournitures|||FA2023-0043|20230702|Achats matériels et fournitures FA2023-0043|546.32||||20230702|546.32|EUR
ACH|Journal des achats|000163|20230702|445620|TVA déductible|||FA2023-0043|20230702|TVA facture FA2023-0043|109.26||||20230702|109.26|EUR
ACH|Journal des achats|000164|20230704|401000|Fournisseurs|FOU0044|Dell Technologies|FA2023-0044|20230704|Facture Dell Technologies||3382.40|||20230704|3382.40|EUR
ACH|Journal des achats|000164|20230704|611000|Sous-traitance|||FA2023-0044|20230704|Sous-traitance FA2023-0044|2818.67||||20230704|2818.67|EUR
ACH|Journal des achats|000164|20230704|445620|TVA déductible|||FA2023-0044|20230704|TVA facture FA2023-0044|563.73||||20230704|563.73|EUR
ACH|Journal des achats|000165|20230709|401000|Fournisseurs|FOU0045|Oracle France|FA2023-0045|20230709|Facture Oracle France||1213.51|||20230709|1213.51|EUR
ACH|Journal des achats|000165|20230709|611000|Sous-traitance|||FA2023-0045|20230709|Sous-traitance FA2023-0045|1011.26||||20230709|1011.26|EUR
ACH|Journal des achats|000165|20230709|445620|TVA déductible|||FA2023-0045|20230709|TVA facture FA2023-0045|202.25||||20230709|202.25|EUR
ACH|Journal des achats|000166|20230712|401000|Fournisseurs|FOU0046|Oracle France|FA2023-0046|20230712|Facture Oracle France||2705.76|||20230712|2705.76|EUR
ACH|Journal des achats|000166|20230712|622600|Honoraires|||FA2023-0046|20230712|Honoraires FA2023-0046|2254.80||||20230712|2254.80|EUR
ACH|Journal des achats|000166|20230712|445620|TVA déductible|||FA2023-0046|20230712|TVA facture FA2023-0046|450.96||||20230712|450.96|EUR
ACH|Journal des achats|000167|20230718|401000|Fournisseurs|FOU0047|Bureau Vallée|FA2023-0047|20230718|Facture Bureau Vallée||803.39|||20230718|803.39|EUR
ACH|Journal des achats|000167|20230718|611000|Sous-traitance|||FA2023-0047|20230718|Sous-traitance FA2023-0047|669.49||||20230718|669.49|EUR
ACH|Journal des achats|000167|20230718|445620|TVA déductible|||FA2023-0047|20230718|TVA facture FA2023-0047|133.90||||20230718|133.90|EUR
ACH|Journal des achats|000168|20230724|401000|Fournisseurs|FOU0048|Microsoft France|FA2023-0048|20230724|Facture Microsoft France||1155.30|||20230724|1155.30|EUR
ACH|Journal des achats|000168|20230724|611000|Sous-traitance|||FA2023-0048|20230724|Sous-traitance FA2023-0048|962.75||||20230724|962.75|EUR
ACH|Journal des achats|000168|20230724|445620|TVA déductible|||FA2023-0048|20230724|TVA facture FA2023-0048|192.55||||20230724|192.55|EUR
ACH|Journal des achats|000169|20230728|401000|Fournisseurs|FOU0049|Oracle France|FA2023-0049|20230728|Facture Oracle France||1540.32|||20230728|1540.32|EUR
ACH|Journal des achats|000169|20230728|611000|Sous-traitance|||FA2023-0049|20230728|Sous-traitance FA2023-0049|1283.60||||20230728|1283.60|EUR
ACH|Journal des achats|000169|20230728|445620|TVA déductible|||FA2023-0049|20230728|TVA facture FA2023-0049|256.72||||20230728|256.72|EUR
ACH|Journal des achats|000170|20230801|401000|Fournisseurs|FOU0050|AWS Europe|FA2023-0050|20230801|Facture AWS Europe||3339.17|||20230801|3339.17|EUR
ACH|Journal des achats|000170|20230801|606100|Achats matériels et fournitures|||FA2023-0050|20230801|Achats matériels et fournitures FA2023-0050|2782.64||||20230801|2782.64|EUR
ACH|Journal des achats|000170|20230801|445620|TVA déductible|||FA2023-0050|20230801|TVA facture FA2023-0050|556.53||||20230801|556.53|EUR
ACH|Journal des achats|000171|20230803|401000|Fournisseurs|FOU0051|OVH Cloud|FA2023-0051|20230803|Facture OVH Cloud||1141.50|||20230803|1141.50|EUR
ACH|Journal des achats|000171|20230803|622600|Honoraires|||FA2023-0051|20230803|Honoraires FA2023-0051|951.25||||20230803|951.25|EUR
ACH|Journal des achats|000171|20230803|445620|TVA déductible|||FA2023-0051|20230803|TVA facture FA2023-0051|190.25||||20230803|190.25|EUR
ACH|Journal des achats|000172|20230806|401000|Fournisseurs|FOU0052|Dropbox Business|FA2023-0052|20230806|Facture Dropbox Business||1062.52|||20230806|1062.52|EUR
ACH|Journal des achats|000172|20230806|611000|Sous-traitance|||FA2023-0052|20230806|Sous-traitance FA2023-0052|885.43||||20230806|885.43|EUR
ACH|Journal des achats|000172|20230806|445620|TVA déductible|||FA2023-0052|20230806|TVA facture FA2023-0052|177.09||||20230806|177.09|EUR
ACH|Journal des achats|000173|20230811|401000|Fournisseurs|FOU0053|AWS Europe|FA2023-0053|20230811|Facture AWS Europe||988.36|||20230811|988.36|EUR
ACH|Journal des achats|000173|20230811|606100|Achats matériels et fournitures|||FA2023-0053|20230811|Achats matériels et fournitures FA2023-0053|823.63||||20230811|823.63|EUR
ACH|Journal des achats|000173|20230811|445620|TVA déductible|||FA2023-0053|20230811|TVA facture FA2023-0053|164.73||||20230811|164.73|EUR
ACH|Journal des achats|000174|20230817|401000|Fournisseurs|FOU0054|Adobe Systems|FA2023-0054|20230817|Facture Adobe Systems||2612.32|||20230817|2612.32|EUR
ACH|Journal des achats|000174|20230817|622600|Honoraires|||FA2023-0054|20230817|Honoraires FA2023-0054|2176.93||||20230817|2176.93|EUR
ACH|Journal des achats|000174|20230817|445620|TVA déductible|||FA2023-0054|20230817|TVA facture FA2023-0054|435.39||||20230817|435.39|EUR
ACH|Journal des achats|000175|20230820|401000|Fournisseurs|FOU0055|IBM France|FA2023-0055|20230820|Facture IBM France||805.08|||20230820|805.08|EUR
ACH|Journal des achats|000175|20230820|622600|Honoraires|||FA2023-0055|20230820|Honoraires FA2023-0055|670.90||||20230820|670.90|EUR
ACH|Journal des achats|000175|20230820|445620|TVA déductible|||FA2023-0055|20230820|TVA facture FA2023-0055|134.18||||20230820|134.18|EUR
ACH|Journal des achats|000176|20230823|401000|Fournisseurs|FOU0056|Slack Technologies|FA2023-0056|20230823|Facture Slack Technologies||2145.73|||20230823|2145.73|EUR
ACH|Journal des achats|000176|20230823|622600|Honoraires|||FA2023-0056|20230823|Honoraires FA2023-0056|1788.11||||20230823|1788.11|EUR
ACH|Journal des achats|000176|20230823|445620|TVA déductible|||FA2023-0056|20230823|TVA facture FA2023-0056|357.62||||20230823|357.62|EUR
ACH|Journal des achats|000177|20230826|401000|Fournisseurs|FOU0057|Dropbox Business|FA2023-0057|20230826|Facture Dropbox Business||2308.51|||20230826|2308.51|EUR
ACH|Journal des achats|000177|20230826|622600|Honoraires|||FA2023-0057|20230826|Honoraires FA2023-0057|1923.76||||20230826|1923.76|EUR
ACH|Journal des achats|000177|20230826|445620|TVA déductible|||FA2023-0057|20230826|TVA facture FA2023-0057|384.75||||20230826|384.75|EUR
ACH|Journal des achats|000178|20230831|401000|Fournisseurs|FOU0058|Dell Technologies|FA2023-0058|20230831|Facture Dell Technologies||3013.70|||20230831|3013.70|EUR
ACH|Journal des achats|000178|20230831|611000|Sous-traitance|||FA2023-0058|20230831|Sous-traitance FA2023-0058|2511.42||||20230831|2511.42|EUR
ACH|Journal des achats|000178|20230831|445620|TVA déductible|||FA2023-0058|20230831|TVA facture FA2023-0058|502.28||||20230831|502.28|EUR
ACH|Journal des achats|000179|20230905|401000|Fournisseurs|FOU0059|Dell Technologies|FA2023-0059|20230905|Facture Dell Technologies||2730.00|||20230905|2730.00|EUR
ACH|Journal des achats|000179|20230905|606100|Achats matériels et fournitures|||FA2023-0059|20230905|Achats matériels et fournitures FA2023-0059|2275.00||||20230905|2275.00|EUR
ACH|Journal des achats|000179|20230905|445620|TVA déductible|||FA2023-0059|20230905|TVA facture FA2023-0059|455.00||||20230905|455.00|EUR
ACH|Journal des achats|000180|20230909|401000|Fournisseurs|FOU0060|Google Cloud|FA2023-0060|20230909|Facture Google Cloud||1763.80|||20230909|1763.80|EUR
ACH|Journal des achats|000180|20230909|611000|Sous-traitance|||FA2023-0060|20230909|Sous-traitance FA2023-0060|1469.83||||20230909|1469.83|EUR
ACH|Journal des achats|000180|20230909|445620|TVA déductible|||FA2023-0060|20230909|TVA facture FA2023-0060|293.97||||20230909|293.97|EUR
ACH|Journal des achats|000181|20230911|401000|Fournisseurs|FOU0061|Microsoft France|FA2023-0061|20230911|Facture Microsoft France||853.87|||20230911|853.87|EUR
ACH|Journal des achats|000181|20230911|611000|Sous-traitance|||FA2023-0061|20230911|Sous-traitance FA2023-0061|711.56||||20230911|711.56|EUR
ACH|Journal des achats|000181|20230911|445620|TVA déductible|||FA2023-0061|20230911|TVA facture FA2023-0061|142.31||||20230911|142.31|EUR
ACH|Journal des achats|000182|20230914|401000|Fournisseurs|FOU0062|Microsoft France|FA2023-0062|20230914|Facture Microsoft France||1214.46|||20230914|1214.46|EUR
ACH|Journal des achats|000182|20230914|622600|Honoraires|||FA2023-0062|20230914|Honoraires FA2023-0062|1012.05||||20230914|1012.05|EUR
ACH|Journal des achats|000182|20230914|445620|TVA déductible|||FA2023-0062|20230914|TVA facture FA2023-0062|202.41||||20230914|202.41|EUR
ACH|Journal des achats|000183|20230916|401000|Fournisseurs|FOU0063|Dell Technologies|FA2023-0063|20230916|Facture Dell Technologies||2137.73|||20230916|2137.73|EUR
ACH|Journal des achats|000183|20230916|622600|Honoraires|||FA2023-0063|20230916|Honoraires FA2023-0063|1781.44||||20230916|1781.44|EUR
ACH|Journal des achats|000183|20230916|445620|TVA déductible|||FA2023-0063|20230916|TVA facture FA2023-0063|356.29||||20230916|356.29|EUR
ACH|Journal des achats|000184|20230919|401000|Fournisseurs|FOU0064|OVH Cloud|FA2023-0064|20230919|Facture OVH Cloud||2584.38|||20230919|2584.38|EUR
ACH|Journal des achats|000184|20230919|622600|Honoraires|||FA2023-0064|20230919|Honoraires FA2023-0064|2153.65||||20230919|2153.65|EUR
ACH|Journal des achats|000184|20230919|445620|TVA déductible|||FA2023-0064|20230919|TVA facture FA2023-0064|430.73||||20230919|430.73|EUR
ACH|Journal des achats|000185|20230925|401000|Fournisseurs|FOU0065|Dell Technologies|FA2023-0065|20230925|Facture Dell Technologies||823.21|||20230925|823.21|EUR
ACH|Journal des achats|000185|20230925|611000|Sous-traitance|||FA2023-0065|20230925|Sous-traitance FA2023-0065|686.01||||20230925|686.01|EUR
ACH|Journal des achats|000185|20230925|445620|TVA déductible|||FA2023-0065|20230925|TVA facture FA2023-0065|137.20||||20230925|137.20|EUR
ACH|Journal des achats|000186|20231001|401000|Fournisseurs|FOU0066|Lenovo France|FA2023-0066|20231001|Facture Lenovo France||2291.12|||20231001|2291.12|EUR
ACH|Journal des achats|000186|20231001|611000|Sous-traitance|||FA2023-0066|20231001|Sous-traitance FA2023-0066|1909.27||||20231001|1909.27|EUR
ACH|Journal des achats|000186|20231001|445620|TVA déductible|||FA2023-0066|20231001|TVA facture FA2023-0066|381.85||||20231001|381.85|EUR
ACH|Journal des achats|000187|20231004|401000|Fournisseurs|FOU0067|Bureau Vallée|FA2023-0067|20231004|Facture Bureau Vallée||1874.53|||20231004|1874.53|EUR
ACH|Journal des achats|000187|20231004|622600|Honoraires|||FA2023-0067|20231004|Honoraires FA2023-0067|1562.11||||20231004|1562.11|EUR
ACH|Journal des achats|000187|20231004|445620|TVA déductible|||FA2023-0067|20231004|TVA facture FA2023-0067|312.42||||20231004|312.42|EUR
ACH|Journal des achats|000188|20231007|401000|Fournisseurs|FOU0068|Google Cloud|FA2023-0068|20231007|Facture Google Cloud||1184.30|||20231007|1184.30|EUR
ACH|Journal des achats|000188|20231007|622600|Honoraires|||FA2023-0068|20231007|Honoraires FA2023-0068|986.92||||20231007|986.92|EUR
ACH|Journal des achats|000188|20231007|445620|TVA déductible|||FA2023-0068|20231007|TVA facture FA2023-0068|197.38||||20231007|197.38|EUR
ACH|Journal des achats|000189|20231010|401000|Fournisseurs|FOU0069|Microsoft France|FA2023-0069|20231010|Facture Microsoft France||2415.44|||20231010|2415.44|EUR
ACH|Journal des achats|000189|20231010|622600|Honoraires|||FA2023-0069|20231010|Honoraires FA2023-0069|2012.87||||20231010|2012.87|EUR
ACH|Journal des achats|000189|20231010|445620|TVA déductible|||FA2023-0069|20231010|TVA facture FA2023-0069|402.57||||20231010|402.57|EUR
ACH|Journal des achats|000190|20231016|401000|Fournisseurs|FOU0070|Lenovo France|FA2023-0070|20231016|Facture Lenovo France||681.02|||20231016|681.02|EUR
ACH|Journal des achats|000190|20231016|622600|Honoraires|||FA2023-0070|20231016|Honoraires FA2023-0070|567.52||||20231016|567.52|EUR
ACH|Journal des achats|000190|20231016|445620|TVA déductible|||FA2023-0070|20231016|TVA facture FA2023-0070|113.50||||20231016|113.50|EUR
ACH|Journal des achats|000191|20231021|401000|Fournisseurs|FOU0071|OVH Cloud|FA2023-0071|20231021|Facture OVH Cloud||1960.18|||20231021|1960.18|EUR
ACH|Journal des achats|000191|20231021|622600|Honoraires|||FA2023-0071|20231021|Honoraires FA2023-0071|1633.48||||20231021|1633.48|EUR
ACH|Journal des achats|000191|20231021|445620|TVA déductible|||FA2023-0071|20231021|TVA facture FA2023-0071|326.70||||20231021|326.70|EUR
ACH|Journal des achats|000192|20231027|401000|Fournisseurs|FOU0072|Adobe Systems|FA2023-0072|20231027|Facture Adobe Systems||2936.33|||20231027|2936.33|EUR
ACH|Journal des achats|000192|20231027|606100|Achats matériels et fournitures|||FA2023-0072|20231027|Achats matériels et fournitures FA2023-0072|2446.94||||20231027|2446.94|EUR
ACH|Journal des achats|000192|20231027|445620|TVA déductible|||FA2023-0072|20231027|TVA facture FA2023-0072|489.39||||20231027|489.39|EUR
ACH|Journal des achats|000193|20231031|401000|Fournisseurs|FOU0073|IKEA Pro|FA2023-0073|20231031|Facture IKEA Pro||2602.94|||20231031|2602.94|EUR
ACH|Journal des achats|000193|20231031|622600|Honoraires|||FA2023-0073|20231031|Honoraires FA2023-0073|2169.12||||20231031|2169.12|EUR
ACH|Journal des achats|000193|20231031|445620|TVA déductible|||FA2023-0073|20231031|TVA facture FA2023-0073|433.82||||20231031|433.82|EUR
ACH|Journal des achats|000194|20231102|401000|Fournisseurs|FOU0074|IKEA Pro|FA2023-0074|20231102|Facture IKEA Pro||747.88|||20231102|747.88|EUR
ACH|Journal des achats|000194|20231102|606100|Achats matériels et fournitures|||FA2023-0074|20231102|Achats matériels et fournitures FA2023-0074|623.23||||20231102|623.23|EUR
ACH|Journal des achats|000194|20231102|445620|TVA déductible|||FA2023-0074|20231102|TVA facture FA2023-0074|124.65||||20231102|124.65|EUR
ACH|Journal des achats|000195|20231104|401000|Fournisseurs|FOU0075|Slack Technologies|FA2023-0075|20231104|Facture Slack Technologies||2906.15|||20231104|2906.15|EUR
ACH|Journal des achats|000195|20231104|622600|Honoraires|||FA2023-0075|20231104|Honoraires FA2023-0075|2421.79||||20231104|2421.79|EUR
ACH|Journal des achats|000195|20231104|445620|TVA déductible|||FA2023-0075|20231104|TVA facture FA2023-0075|484.36||||20231104|484.36|EUR
ACH|Journal des achats|000196|20231109|401000|Fournisseurs|FOU0076|Lenovo France|FA2023-0076|20231109|Facture Lenovo France||732.48|||20231109|732.48|EUR
ACH|Journal des achats|000196|20231109|611000|Sous-traitance|||FA2023-0076|20231109|Sous-traitance FA2023-0076|610.40||||20231109|610.40|EUR
ACH|Journal des achats|000196|20231109|445620|TVA déductible|||FA2023-0076|20231109|TVA facture FA2023-0076|122.08||||20231109|122.08|EUR
ACH|Journal des achats|000197|20231114|401000|Fournisseurs|FOU0077|Adobe Systems|FA2023-0077|20231114|Facture Adobe Systems||3237.70|||20231114|3237.70|EUR
ACH|Journal des achats|000197|20231114|606100|Achats matériels et fournitures|||FA2023-0077|20231114|Achats matériels et fournitures FA2023-0077|2698.08||||20231114|2698.08|EUR
ACH|Journal des achats|000197|20231114|445620|TVA déductible|||FA2023-0077|20231114|TVA facture FA2023-0077|539.62||||20231114|539.62|EUR
ACH|Journal des achats|000198|20231116|401000|Fournisseurs|FOU0078|Slack Technologies|FA2023-0078|20231116|Facture Slack Technologies||946.69|||20231116|946.69|EUR
ACH|Journal des achats|000198|20231116|606100|Achats matériels et fournitures|||FA2023-0078|20231116|Achats matériels et fournitures FA2023-0078|788.91||||20231116|788.91|EUR
ACH|Journal des achats|000198|20231116|445620|TVA déductible|||FA2023-0078|20231116|TVA facture FA2023-0078|157.78||||20231116|157.78|EUR
ACH|Journal des achats|000199|20231118|401000|Fournisseurs|FOU0079|OVH Cloud|FA2023-0079|20231118|Facture OVH Cloud||1557.68|||20231118|1557.68|EUR
ACH|Journal des achats|000199|20231118|611000|Sous-traitance|||FA2023-0079|20231118|Sous-traitance FA2023-0079|1298.07||||20231118|1298.07|EUR
ACH|Journal des achats|000199|20231118|445620|TVA déductible|||FA2023-0079|20231118|TVA facture FA2023-0079|259.61||||20231118|259.61|EUR
ACH|Journal des achats|000200|20231124|401000|Fournisseurs|FOU0080|Bureau Vallée|FA2023-0080|20231124|Facture Bureau Vallée||1979.28|||20231124|1979.28|EUR
ACH|Journal des achats|000200|20231124|611000|Sous-traitance|||FA2023-0080|20231124|Sous-traitance FA2023-0080|1649.40||||20231124|1649.40|EUR
ACH|Journal des achats|000200|20231124|445620|TVA déductible|||FA2023-0080|20231124|TVA facture FA2023-0080|329.88||||20231124|329.88|EUR
BQ|Journal de banque|000201|20230115|512000|Banque|||VIR0001|20230115|Virement client|4414.17||||20230115|4414.17|EUR
BQ|Journal de banque|000201|20230115|411000|Clients|CLI0001|ACME Solutions SAS|VIR0001|20230115|Règlement facture||4414.17|||20230115|4414.17|EUR
BQ|Journal de banque|000202|20230119|512000|Banque|||VIR0002|20230119|Virement client|3186.55||||20230119|3186.55|EUR
BQ|Journal de banque|000202|20230119|411000|Clients|CLI0002|SystemPro SARL|VIR0002|20230119|Règlement facture||3186.55|||20230119|3186.55|EUR
BQ|Journal de banque|000203|20230123|512000|Banque|||VIR0003|20230123|Virement client|9769.25||||20230123|9769.25|EUR
BQ|Journal de banque|000203|20230123|411000|Clients|CLI0003|Digital Corp|VIR0003|20230123|Règlement facture||9769.25|||20230123|9769.25|EUR
BQ|Journal de banque|000204|20230128|512000|Banque|||VIR0004|20230128|Virement client|4267.17||||20230128|4267.17|EUR
BQ|Journal de banque|000204|20230128|411000|Clients|CLI0004|DataSystems SAS|VIR0004|20230128|Règlement facture||4267.17|||20230128|4267.17|EUR
BQ|Journal de banque|000205|20230131|512000|Banque|||VIR0005|20230131|Virement client|6542.58||||20230131|6542.58|EUR
BQ|Journal de banque|000205|20230131|411000|Clients|CLI0005|SmartConseil|VIR0005|20230131|Règlement facture||6542.58|||20230131|6542.58|EUR
BQ|Journal de banque|000206|20230205|512000|Banque|||VIR0006|20230205|Virement client|4250.90||||20230205|4250.90|EUR
BQ|Journal de banque|000206|20230205|411000|Clients|CLI0006|Digital Corp|VIR0006|20230205|Règlement facture||4250.90|||20230205|4250.90|EUR
BQ|Journal de banque|000207|20230207|512000|Banque|||VIR0007|20230207|Virement client|10833.70||||20230207|10833.70|EUR
BQ|Journal de banque|000207|20230207|411000|Clients|CLI0007|SmartConseil|VIR0007|20230207|Règlement facture||10833.70|||20230207|10833.70|EUR
BQ|Journal de banque|000208|20230211|512000|Banque|||VIR0008|20230211|Virement client|3827.33||||20230211|3827.33|EUR
BQ|Journal de banque|000208|20230211|411000|Clients|CLI0008|ACME Solutions SAS|VIR0008|20230211|Règlement facture||3827.33|||20230211|3827.33|EUR
BQ|Journal de banque|000209|20230213|512000|Banque|||VIR0009|20230213|Virement client|6518.04||||20230213|6518.04|EUR
BQ|Journal de banque|000209|20230213|411000|Clients|CLI0009|WebServices Plus|VIR0009|20230213|Règlement facture||6518.04|||20230213|6518.04|EUR
BQ|Journal de banque|000210|20230216|512000|Banque|||VIR0010|20230216|Virement client|8823.26||||20230216|8823.26|EUR
BQ|Journal de banque|000210|20230216|411000|Clients|CLI0010|Digital Corp|VIR0010|20230216|Règlement facture||8823.26|||20230216|8823.26|EUR
BQ|Journal de banque|000211|20230219|512000|Banque|||VIR0011|20230219|Virement client|7618.65||||20230219|7618.65|EUR
BQ|Journal de banque|000211|20230219|411000|Clients|CLI0011|WebServices Plus|VIR0011|20230219|Règlement facture||7618.65|||20230219|7618.65|EUR
BQ|Journal de banque|000212|20230221|512000|Banque|||VIR0012|20230221|Virement client|6149.58||||20230221|6149.58|EUR
BQ|Journal de banque|000212|20230221|411000|Clients|CLI0012|CloudExpert EURL|VIR0012|20230221|Règlement facture||6149.58|||20230221|6149.58|EUR
BQ|Journal de banque|000213|20230226|512000|Banque|||VIR0013|20230226|Virement client|3571.16||||20230226|3571.16|EUR
BQ|Journal de banque|000213|20230226|411000|Clients|CLI0013|Innovatech SA|VIR0013|20230226|Règlement facture||3571.16|||20230226|3571.16|EUR
BQ|Journal de banque|000214|20230302|512000|Banque|||VIR0014|20230302|Virement client|11395.76||||20230302|11395.76|EUR
BQ|Journal de banque|000214|20230302|411000|Clients|CLI0014|WebServices Plus|VIR0014|20230302|Règlement facture||11395.76|||20230302|11395.76|EUR
BQ|Journal de banque|000215|20230305|512000|Banque|||VIR0015|20230305|Virement client|10085.63||||20230305|10085.63|EUR
BQ|Journal de banque|000215|20230305|411000|Clients|CLI0015|WebServices Plus|VIR0015|20230305|Règlement facture||10085.63|||20230305|10085.63|EUR
BQ|Journal de banque|000216|20230307|512000|Banque|||VIR0016|20230307|Virement client|4985.83||||20230307|4985.83|EUR
BQ|Journal de banque|000216|20230307|411000|Clients|CLI0016|InfoTech Partners|VIR0016|20230307|Règlement facture||4985.83|||20230307|4985.83|EUR
BQ|Journal de banque|000217|20230309|512000|Banque|||VIR0017|20230309|Virement client|3024.25||||20230309|3024.25|EUR
BQ|Journal de banque|000217|20230309|411000|Clients|CLI0017|SystemPro SARL|VIR0017|20230309|Règlement facture||3024.25|||20230309|3024.25|EUR
BQ|Journal de banque|000218|20230314|512000|Banque|||VIR0018|20230314|Virement client|3771.96||||20230314|3771.96|EUR
BQ|Journal de banque|000218|20230314|411000|Clients|CLI0018|SystemPro SARL|VIR0018|20230314|Règlement facture||3771.96|||20230314|3771.96|EUR
BQ|Journal de banque|000219|20230318|512000|Banque|||VIR0019|20230318|Virement client|4955.07||||20230318|4955.07|EUR
BQ|Journal de banque|000219|20230318|411000|Clients|CLI0019|CloudExpert EURL|VIR0019|20230318|Règlement facture||4955.07|||20230318|4955.07|EUR
BQ|Journal de banque|000220|20230321|512000|Banque|||VIR0020|20230321|Virement client|5365.69||||20230321|5365.69|EUR
BQ|Journal de banque|000220|20230321|411000|Clients|CLI0020|SmartConseil|VIR0020|20230321|Règlement facture||5365.69|||20230321|5365.69|EUR
BQ|Journal de banque|000221|20230325|512000|Banque|||VIR0021|20230325|Virement client|9394.30||||20230325|9394.30|EUR
BQ|Journal de banque|000221|20230325|411000|Clients|CLI0021|SystemPro SARL|VIR0021|20230325|Règlement facture||9394.30|||20230325|9394.30|EUR
BQ|Journal de banque|000222|20230330|512000|Banque|||VIR0022|20230330|Virement client|8500.22||||20230330|8500.22|EUR
BQ|Journal de banque|000222|20230330|411000|Clients|CLI0022|Innovatech SA|VIR0022|20230330|Règlement facture||8500.22|||20230330|8500.22|EUR
BQ|Journal de banque|000223|20230402|512000|Banque|||VIR0023|20230402|Virement client|6943.92||||20230402|6943.92|EUR
BQ|Journal de banque|000223|20230402|411000|Clients|CLI0023|WebServices Plus|VIR0023|20230402|Règlement facture||6943.92|||20230402|6943.92|EUR
BQ|Journal de banque|000224|20230404|512000|Banque|||VIR0024|20230404|Virement client|6962.16||||20230404|6962.16|EUR
BQ|Journal de banque|000224|20230404|411000|Clients|CLI0024|Digital Corp|VIR0024|20230404|Règlement facture||6962.16|||20230404|6962.16|EUR
BQ|Journal de banque|000225|20230409|512000|Banque|||VIR0025|20230409|Virement client|7339.90||||20230409|7339.90|EUR
BQ|Journal de banque|000225|20230409|411000|Clients|CLI0025|GlobalIT France|VIR0025|20230409|Règlement facture||7339.90|||20230409|7339.90|EUR
BQ|Journal de banque|000226|20230412|512000|Banque|||VIR0026|20230412|Virement client|10140.17||||20230412|10140.17|EUR
BQ|Journal de banque|000226|20230412|411000|Clients|CLI0026|ACME Solutions SAS|VIR0026|20230412|Règlement facture||10140.17|||20230412|10140.17|EUR
BQ|Journal de banque|000227|20230414|512000|Banque|||VIR0027|20230414|Virement client|3956.90||||20230414|3956.90|EUR
BQ|Journal de banque|000227|20230414|411000|Clients|CLI0027|ACME Solutions SAS|VIR0027|20230414|Règlement facture||3956.90|||20230414|3956.90|EUR
BQ|Journal de banque|000228|20230419|512000|Banque|||VIR0028|20230419|Virement client|11719.18||||20230419|11719.18|EUR
BQ|Journal de banque|000228|20230419|411000|Clients|CLI0028|DataSystems SAS|VIR0028|20230419|Règlement facture||11719.18|||20230419|11719.18|EUR
BQ|Journal de banque|000229|20230422|512000|Banque|||VIR0029|20230422|Virement client|6197.57||||20230422|6197.57|EUR
BQ|Journal de banque|000229|20230422|411000|Clients|CLI0029|TechVision SARL|VIR0029|20230422|Règlement facture||6197.57|||20230422|6197.57|EUR
BQ|Journal de banque|000230|20230426|512000|Banque|||VIR0030|20230426|Virement client|11809.99||||20230426|11809.99|EUR
BQ|Journal de banque|000230|20230426|411000|Clients|CLI0030|Innovatech SA|VIR0030|20230426|Règlement facture||11809.99|||20230426|11809.99|EUR
BQ|Journal de banque|000231|20230429|512000|Banque|||VIR0031|20230429|Virement client|7036.64||||20230429|7036.64|EUR
BQ|Journal de banque|000231|20230429|411000|Clients|CLI0031|GlobalIT France|VIR0031|20230429|Règlement facture||7036.64|||20230429|7036.64|EUR
BQ|Journal de banque|000232|20230501|512000|Banque|||VIR0032|20230501|Virement client|11127.22||||20230501|11127.22|EUR
BQ|Journal de banque|000232|20230501|411000|Clients|CLI0032|Digital Corp|VIR0032|20230501|Règlement facture||11127.22|||20230501|11127.22|EUR
BQ|Journal de banque|000233|20230506|512000|Banque|||VIR0033|20230506|Virement client|9924.54||||20230506|9924.54|EUR
BQ|Journal de banque|000233|20230506|411000|Clients|CLI0033|Innovatech SA|VIR0033|20230506|Règlement facture||9924.54|||20230506|9924.54|EUR
BQ|Journal de banque|000234|20230509|512000|Banque|||VIR0034|20230509|Virement client|3567.51||||20230509|3567.51|EUR
BQ|Journal de banque|000234|20230509|411000|Clients|CLI0034|ACME Solutions SAS|VIR0034|20230509|Règlement facture||3567.51|||20230509|3567.51|EUR
BQ|Journal de banque|000235|20230513|512000|Banque|||VIR0035|20230513|Virement client|11777.58||||20230513|11777.58|EUR
BQ|Journal de banque|000235|20230513|411000|Clients|CLI0035|ACME Solutions SAS|VIR0035|20230513|Règlement facture||11777.58|||20230513|11777.58|EUR
BQ|Journal de banque|000236|20230515|512000|Banque|||VIR0036|20230515|Virement client|7799.36||||20230515|7799.36|EUR
BQ|Journal de banque|000236|20230515|411000|Clients|CLI0036|InfoTech Partners|VIR0036|20230515|Règlement facture||7799.36|||20230515|7799.36|EUR
BQ|Journal de banque|000237|20230520|512000|Banque|||VIR0037|20230520|Virement client|7474.08||||20230520|7474.08|EUR
BQ|Journal de banque|000237|20230520|411000|Clients|CLI0037|NetServices SA|VIR0037|20230520|Règlement facture||7474.08|||20230520|7474.08|EUR
BQ|Journal de banque|000238|20230524|512000|Banque|||VIR0038|20230524|Virement client|7893.34||||20230524|7893.34|EUR
BQ|Journal de banque|000238|20230524|411000|Clients|CLI0038|WebServices Plus|VIR0038|20230524|Règlement facture||7893.34|||20230524|7893.34|EUR
BQ|Journal de banque|000239|20230529|512000|Banque|||VIR0039|20230529|Virement client|5761.58||||20230529|5761.58|EUR
BQ|Journal de banque|000239|20230529|411000|Clients|CLI0039|SystemPro SARL|VIR0039|20230529|Règlement facture||5761.58|||20230529|5761.58|EUR
BQ|Journal de banque|000240|20230601|512000|Banque|||VIR0040|20230601|Virement client|9334.05||||20230601|9334.05|EUR
BQ|Journal de banque|000240|20230601|411000|Clients|CLI0040|InfoTech Partners|VIR0040|20230601|Règlement facture||9334.05|||20230601|9334.05|EUR
BQ|Journal de banque|000241|20230606|512000|Banque|||VIR0041|20230606|Virement client|9713.77||||20230606|9713.77|EUR
BQ|Journal de banque|000241|20230606|411000|Clients|CLI0041|SystemPro SARL|VIR0041|20230606|Règlement facture||9713.77|||20230606|9713.77|EUR
BQ|Journal de banque|000242|20230611|512000|Banque|||VIR0042|20230611|Virement client|4076.98||||20230611|4076.98|EUR
BQ|Journal de banque|000242|20230611|411000|Clients|CLI0042|TechVision SARL|VIR0042|20230611|Règlement facture||4076.98|||20230611|4076.98|EUR
BQ|Journal de banque|000243|20230613|512000|Banque|||VIR0043|20230613|Virement client|7905.37||||20230613|7905.37|EUR
BQ|Journal de banque|000243|20230613|411000|Clients|CLI0043|GlobalIT France|VIR0043|20230613|Règlement facture||7905.37|||20230613|7905.37|EUR
BQ|Journal de banque|000244|20230615|512000|Banque|||VIR0044|20230615|Virement client|4183.93||||20230615|4183.93|EUR
BQ|Journal de banque|000244|20230615|411000|Clients|CLI0044|WebServices Plus|VIR0044|20230615|Règlement facture||4183.93|||20230615|4183.93|EUR
BQ|Journal de banque|000245|20230619|512000|Banque|||VIR0045|20230619|Virement client|6721.17||||20230619|6721.17|EUR
BQ|Journal de banque|000245|20230619|411000|Clients|CLI0045|GlobalIT France|VIR0045|20230619|Règlement facture||6721.17|||20230619|6721.17|EUR
BQ|Journal de banque|000246|20230622|512000|Banque|||VIR0046|20230622|Virement client|5739.59||||20230622|5739.59|EUR
BQ|Journal de banque|000246|20230622|411000|Clients|CLI0046|TechVision SARL|VIR0046|20230622|Règlement facture||5739.59|||20230622|5739.59|EUR
BQ|Journal de banque|000247|20230626|512000|Banque|||VIR0047|20230626|Virement client|11045.44||||20230626|11045.44|EUR
BQ|Journal de banque|000247|20230626|411000|Clients|CLI0047|GlobalIT France|VIR0047|20230626|Règlement facture||11045.44|||20230626|11045.44|EUR
BQ|Journal de banque|000248|20230629|512000|Banque|||VIR0048|20230629|Virement client|5139.37||||20230629|5139.37|EUR
BQ|Journal de banque|000248|20230629|411000|Clients|CLI0048|Digital Corp|VIR0048|20230629|Règlement facture||5139.37|||20230629|5139.37|EUR
BQ|Journal de banque|000249|20230704|512000|Banque|||VIR0049|20230704|Virement client|3663.43||||20230704|3663.43|EUR
BQ|Journal de banque|000249|20230704|411000|Clients|CLI0049|Digital Corp|VIR0049|20230704|Règlement facture||3663.43|||20230704|3663.43|EUR
BQ|Journal de banque|000250|20230708|512000|Banque|||VIR0050|20230708|Virement client|3270.49||||20230708|3270.49|EUR
BQ|Journal de banque|000250|20230708|411000|Clients|CLI0050|ACME Solutions SAS|VIR0050|20230708|Règlement facture||3270.49|||20230708|3270.49|EUR
BQ|Journal de banque|000251|20230712|512000|Banque|||VIR0051|20230712|Virement client|8860.86||||20230712|8860.86|EUR
BQ|Journal de banque|000251|20230712|411000|Clients|CLI0051|DataSystems SAS|VIR0051|20230712|Règlement facture||8860.86|||20230712|8860.86|EUR
BQ|Journal de banque|000252|20230714|512000|Banque|||VIR0052|20230714|Virement client|10409.62||||20230714|10409.62|EUR
BQ|Journal de banque|000252|20230714|411000|Clients|CLI0052|SystemPro SARL|VIR0052|20230714|Règlement facture||10409.62|||20230714|10409.62|EUR
BQ|Journal de banque|000253|20230717|512000|Banque|||VIR0053|20230717|Virement client|10988.56||||20230717|10988.56|EUR
BQ|Journal de banque|000253|20230717|411000|Clients|CLI0053|Innovatech SA|VIR0053|20230717|Règlement facture||10988.56|||20230717|10988.56|EUR
BQ|Journal de banque|000254|20230721|512000|Banque|||VIR0054|20230721|Virement client|3588.46||||20230721|3588.46|EUR
BQ|Journal de banque|000254|20230721|411000|Clients|CLI0054|DataSystems SAS|VIR0054|20230721|Règlement facture||3588.46|||20230721|3588.46|EUR
BQ|Journal de banque|000255|20230723|512000|Banque|||VIR0055|20230723|Virement client|3900.86||||20230723|3900.86|EUR
BQ|Journal de banque|000255|20230723|411000|Clients|CLI0055|ACME Solutions SAS|VIR0055|20230723|Règlement facture||3900.86|||20230723|3900.86|EUR
BQ|Journal de banque|000256|20230728|512000|Banque|||VIR0056|20230728|Virement client|9862.65||||20230728|9862.65|EUR
BQ|Journal de banque|000256|20230728|411000|Clients|CLI0056|DataSystems SAS|VIR0056|20230728|Règlement facture||9862.65|||20230728|9862.65|EUR
BQ|Journal de banque|000257|20230802|512000|Banque|||VIR0057|20230802|Virement client|7082.75||||20230802|7082.75|EUR
BQ|Journal de banque|000257|20230802|411000|Clients|CLI0057|DataSystems SAS|VIR0057|20230802|Règlement facture||7082.75|||20230802|7082.75|EUR
BQ|Journal de banque|000258|20230806|512000|Banque|||VIR0058|20230806|Virement client|5210.76||||20230806|5210.76|EUR
BQ|Journal de banque|000258|20230806|411000|Clients|CLI0058|NetServices SA|VIR0058|20230806|Règlement facture||5210.76|||20230806|5210.76|EUR
BQ|Journal de banque|000259|20230811|512000|Banque|||VIR0059|20230811|Virement client|10990.57||||20230811|10990.57|EUR
BQ|Journal de banque|000259|20230811|411000|Clients|CLI0059|Digital Corp|VIR0059|20230811|Règlement facture||10990.57|||20230811|10990.57|EUR
BQ|Journal de banque|000260|20230813|512000|Banque|||VIR0060|20230813|Virement client|6486.99||||20230813|6486.99|EUR
BQ|Journal de banque|000260|20230813|411000|Clients|CLI0060|ACME Solutions SAS|VIR0060|20230813|Règlement facture||6486.99|||20230813|6486.99|EUR
BQ|Journal de banque|000261|20230818|512000|Banque|||VIR0061|20230818|Virement client|8674.55||||20230818|8674.55|EUR
BQ|Journal de banque|000261|20230818|411000|Clients|CLI0061|InfoTech Partners|VIR0061|20230818|Règlement facture||8674.55|||20230818|8674.55|EUR
BQ|Journal de banque|000262|20230822|512000|Banque|||VIR0062|20230822|Virement client|5181.85||||20230822|5181.85|EUR
BQ|Journal de banque|000262|20230822|411000|Clients|CLI0062|TechVision SARL|VIR0062|20230822|Règlement facture||5181.85|||20230822|5181.85|EUR
BQ|Journal de banque|000263|20230827|512000|Banque|||VIR0063|20230827|Virement client|7820.18||||20230827|7820.18|EUR
BQ|Journal de banque|000263|20230827|411000|Clients|CLI0063|SmartConseil|VIR0063|20230827|Règlement facture||7820.18|||20230827|7820.18|EUR
BQ|Journal de banque|000264|20230831|512000|Banque|||VIR0064|20230831|Virement client|9895.21||||20230831|9895.21|EUR
BQ|Journal de banque|000264|20230831|411000|Clients|CLI0064|Innovatech SA|VIR0064|20230831|Règlement facture||9895.21|||20230831|9895.21|EUR
BQ|Journal de banque|000265|20230905|512000|Banque|||VIR0065|20230905|Virement client|7962.28||||20230905|7962.28|EUR
BQ|Journal de banque|000265|20230905|411000|Clients|CLI0065|GlobalIT France|VIR0065|20230905|Règlement facture||7962.28|||20230905|7962.28|EUR
BQ|Journal de banque|000266|20230909|512000|Banque|||VIR0066|20230909|Virement client|5093.79||||20230909|5093.79|EUR
BQ|Journal de banque|000266|20230909|411000|Clients|CLI0066|DataSystems SAS|VIR0066|20230909|Règlement facture||5093.79|||20230909|5093.79|EUR
BQ|Journal de banque|000267|20230911|512000|Banque|||VIR0067|20230911|Virement client|7909.07||||20230911|7909.07|EUR
BQ|Journal de banque|000267|20230911|411000|Clients|CLI0067|Digital Corp|VIR0067|20230911|Règlement facture||7909.07|||20230911|7909.07|EUR
BQ|Journal de banque|000268|20230913|512000|Banque|||VIR0068|20230913|Virement client|8011.83||||20230913|8011.83|EUR
BQ|Journal de banque|000268|20230913|411000|Clients|CLI0068|SmartConseil|VIR0068|20230913|Règlement facture||8011.83|||20230913|8011.83|EUR
BQ|Journal de banque|000269|20230915|512000|Banque|||VIR0069|20230915|Virement client|8459.27||||20230915|8459.27|EUR
BQ|Journal de banque|000269|20230915|411000|Clients|CLI0069|SystemPro SARL|VIR0069|20230915|Règlement facture||8459.27|||20230915|8459.27|EUR
BQ|Journal de banque|000270|20230920|512000|Banque|||VIR0070|20230920|Virement client|5413.30||||20230920|5413.30|EUR
BQ|Journal de banque|000270|20230920|411000|Clients|CLI0070|SystemPro SARL|VIR0070|20230920|Règlement facture||5413.30|||20230920|5413.30|EUR
BQ|Journal de banque|000271|20230924|512000|Banque|||VIR0071|20230924|Virement client|10998.07||||20230924|10998.07|EUR
BQ|Journal de banque|000271|20230924|411000|Clients|CLI0071|SystemPro SARL|VIR0071|20230924|Règlement facture||10998.07|||20230924|10998.07|EUR
BQ|Journal de banque|000272|20230926|512000|Banque|||VIR0072|20230926|Virement client|8490.34||||20230926|8490.34|EUR
BQ|Journal de banque|000272|20230926|411000|Clients|CLI0072|SystemPro SARL|VIR0072|20230926|Règlement facture||8490.34|||20230926|8490.34|EUR
BQ|Journal de banque|000273|20230930|512000|Banque|||VIR0073|20230930|Virement client|8407.64||||20230930|8407.64|EUR
BQ|Journal de banque|000273|20230930|411000|Clients|CLI0073|GlobalIT France|VIR0073|20230930|Règlement facture||8407.64|||20230930|8407.64|EUR
BQ|Journal de banque|000274|20231005|512000|Banque|||VIR0074|20231005|Virement client|11526.93||||20231005|11526.93|EUR
BQ|Journal de banque|000274|20231005|411000|Clients|CLI0074|Digital Corp|VIR0074|20231005|Règlement facture||11526.93|||20231005|11526.93|EUR
BQ|Journal de banque|000275|20231010|512000|Banque|||VIR0075|20231010|Virement client|11087.90||||20231010|11087.90|EUR
BQ|Journal de banque|000275|20231010|411000|Clients|CLI0075|DataSystems SAS|VIR0075|20231010|Règlement facture||11087.90|||20231010|11087.90|EUR
BQ|Journal de banque|000276|20231015|512000|Banque|||VIR0076|20231015|Virement client|11049.59||||20231015|11049.59|EUR
BQ|Journal de banque|000276|20231015|411000|Clients|CLI0076|TechVision SARL|VIR0076|20231015|Règlement facture||11049.59|||20231015|11049.59|EUR
BQ|Journal de banque|000277|20231018|512000|Banque|||VIR0077|20231018|Virement client|7823.06||||20231018|7823.06|EUR
BQ|Journal de banque|000277|20231018|411000|Clients|CLI0077|DataSystems SAS|VIR0077|20231018|Règlement facture||7823.06|||20231018|7823.06|EUR
BQ|Journal de banque|000278|20231023|512000|Banque|||VIR0078|20231023|Virement client|11889.10||||20231023|11889.10|EUR
BQ|Journal de banque|000278|20231023|411000|Clients|CLI0078|InfoTech Partners|VIR0078|20231023|Règlement facture||11889.10|||20231023|11889.10|EUR
BQ|Journal de banque|000279|20231027|512000|Banque|||VIR0079|20231027|Virement client|9564.28||||20231027|9564.28|EUR
BQ|Journal de banque|000279|20231027|411000|Clients|CLI0079|SmartConseil|VIR0079|20231027|Règlement facture||9564.28|||20231027|9564.28|EUR
BQ|Journal de banque|000280|20231029|512000|Banque|||VIR0080|20231029|Virement client|8589.81||||20231029|8589.81|EUR
BQ|Journal de banque|000280|20231029|411000|Clients|CLI0080|SmartConseil|VIR0080|20231029|Règlement facture||8589.81|||20231029|8589.81|EUR
BQ|Journal de banque|000281|20231031|512000|Banque|||VIR0081|20231031|Virement client|8854.25||||20231031|8854.25|EUR
BQ|Journal de banque|000281|20231031|411000|Clients|CLI0081|ACME Solutions SAS|VIR0081|20231031|Règlement facture||8854.25|||20231031|8854.25|EUR
BQ|Journal de banque|000282|20231105|512000|Banque|||VIR0082|20231105|Virement client|10675.35||||20231105|10675.35|EUR
BQ|Journal de banque|000282|20231105|411000|Clients|CLI0082|InfoTech Partners|VIR0082|20231105|Règlement facture||10675.35|||20231105|10675.35|EUR
BQ|Journal de banque|000283|20231109|512000|Banque|||VIR0083|20231109|Virement client|7211.06||||20231109|7211.06|EUR
BQ|Journal de banque|000283|20231109|411000|Clients|CLI0083|SystemPro SARL|VIR0083|20231109|Règlement facture||7211.06|||20231109|7211.06|EUR
BQ|Journal de banque|000284|20231111|512000|Banque|||VIR0084|20231111|Virement client|8418.36||||20231111|8418.36|EUR
BQ|Journal de banque|000284|20231111|411000|Clients|CLI0084|GlobalIT France|VIR0084|20231111|Règlement facture||8418.36|||20231111|8418.36|EUR
BQ|Journal de banque|000285|20231115|512000|Banque|||VIR0085|20231115|Virement client|10563.36||||20231115|10563.36|EUR
BQ|Journal de banque|000285|20231115|411000|Clients|CLI0085|GlobalIT France|VIR0085|20231115|Règlement facture||10563.36|||20231115|10563.36|EUR
BQ|Journal de banque|000286|20231117|512000|Banque|||VIR0086|20231117|Virement client|11501.54||||20231117|11501.54|EUR
BQ|Journal de banque|000286|20231117|411000|Clients|CLI0086|GlobalIT France|VIR0086|20231117|Règlement facture||11501.54|||20231117|11501.54|EUR
BQ|Journal de banque|000287|20231119|512000|Banque|||VIR0087|20231119|Virement client|9657.25||||20231119|9657.25|EUR
BQ|Journal de banque|000287|20231119|411000|Clients|CLI0087|WebServices Plus|VIR0087|20231119|Règlement facture||9657.25|||20231119|9657.25|EUR
BQ|Journal de banque|000288|20231122|512000|Banque|||VIR0088|20231122|Virement client|6246.83||||20231122|6246.83|EUR
BQ|Journal de banque|000288|20231122|411000|Clients|CLI0088|SystemPro SARL|VIR0088|20231122|Règlement facture||6246.83|||20231122|6246.83|EUR
BQ|Journal de banque|000289|20231124|512000|Banque|||VIR0089|20231124|Virement client|7045.77||||20231124|7045.77|EUR
BQ|Journal de banque|000289|20231124|411000|Clients|CLI0089|InfoTech Partners|VIR0089|20231124|Règlement facture||7045.77|||20231124|7045.77|EUR
BQ|Journal de banque|000290|20231127|512000|Banque|||VIR0090|20231127|Virement client|6292.95||||20231127|6292.95|EUR
BQ|Journal de banque|000290|20231127|411000|Clients|CLI0090|DataSystems SAS|VIR0090|20231127|Règlement facture||6292.95|||20231127|6292.95|EUR
BQ|Journal de banque|000291|20231202|512000|Banque|||VIR0091|20231202|Virement client|4207.66||||20231202|4207.66|EUR
BQ|Journal de banque|000291|20231202|411000|Clients|CLI0091|ACME Solutions SAS|VIR0091|20231202|Règlement facture||4207.66|||20231202|4207.66|EUR
BQ|Journal de banque|000292|20231207|512000|Banque|||VIR0092|20231207|Virement client|4084.39||||20231207|4084.39|EUR
BQ|Journal de banque|000292|20231207|411000|Clients|CLI0092|InfoTech Partners|VIR0092|20231207|Règlement facture||4084.39|||20231207|4084.39|EUR
BQ|Journal de banque|000293|20231211|512000|Banque|||VIR0093|20231211|Virement client|10103.43||||20231211|10103.43|EUR
BQ|Journal de banque|000293|20231211|411000|Clients|CLI0093|NetServices SA|VIR0093|20231211|Règlement facture||10103.43|||20231211|10103.43|EUR
BQ|Journal de banque|000294|20231216|512000|Banque|||VIR0094|20231216|Virement client|4245.79||||20231216|4245.79|EUR
BQ|Journal de banque|000294|20231216|411000|Clients|CLI0094|WebServices Plus|VIR0094|20231216|Règlement facture||4245.79|||20231216|4245.79|EUR
BQ|Journal de banque|000295|20231218|512000|Banque|||VIR0095|20231218|Virement client|9613.31||||20231218|9613.31|EUR
BQ|Journal de banque|000295|20231218|411000|Clients|CLI0095|ACME Solutions SAS|VIR0095|20231218|Règlement facture||9613.31|||20231218|9613.31|EUR
BQ|Journal de banque|000296|20231220|512000|Banque|||VIR0096|20231220|Virement client|3772.28||||20231220|3772.28|EUR
BQ|Journal de banque|000296|20231220|411000|Clients|CLI0096|DataSystems SAS|VIR0096|20231220|Règlement facture||3772.28|||20231220|3772.28|EUR
BQ|Journal de banque|000297|20231224|512000|Banque|||VIR0097|20231224|Virement client|7502.18||||20231224|7502.18|EUR
BQ|Journal de banque|000297|20231224|411000|Clients|CLI0097|NetServices SA|VIR0097|20231224|Règlement facture||7502.18|||20231224|7502.18|EUR
BQ|Journal de banque|000298|20231226|512000|Banque|||VIR0098|20231226|Virement client|9509.70||||20231226|9509.70|EUR
BQ|Journal de banque|000298|20231226|411000|Clients|CLI0098|GlobalIT France|VIR0098|20231226|Règlement facture||9509.70|||20231226|9509.70|EUR
BQ|Journal de banque|000299|20231228|512000|Banque|||VIR0099|20231228|Virement client|11117.84||||20231228|11117.84|EUR
BQ|Journal de banque|000299|20231228|411000|Clients|CLI0099|Digital Corp|VIR0099|20231228|Règlement facture||11117.84|||20231228|11117.84|EUR
BQ|Journal de banque|000300|20231228|512000|Banque|||VIR0100|20231228|Virement client|7391.18||||20231228|7391.18|EUR
BQ|Journal de banque|000300|20231228|411000|Clients|CLI0100|Innovatech SA|VIR0100|20231228|Règlement facture||7391.18|||20231228|7391.18|EUR
BQ|Journal de banque|000301|20230120|401000|Fournisseurs|FOU0001|IKEA Pro|PRLV0001|20230120|Paiement facture|1611.94||||20230120|1611.94|EUR
BQ|Journal de banque|000301|20230120|512000|Banque|||PRLV0001|20230120|Prélèvement fournisseur||1611.94|||20230120|1611.94|EUR
BQ|Journal de banque|000302|20230126|401000|Fournisseurs|FOU0002|Adobe Systems|PRLV0002|20230126|Paiement facture|1495.50||||20230126|1495.50|EUR
BQ|Journal de banque|000302|20230126|512000|Banque|||PRLV0002|20230126|Prélèvement fournisseur||1495.50|||20230126|1495.50|EUR
BQ|Journal de banque|000303|20230130|401000|Fournisseurs|FOU0003|Lenovo France|PRLV0003|20230130|Paiement facture|2558.72||||20230130|2558.72|EUR
BQ|Journal de banque|000303|20230130|512000|Banque|||PRLV0003|20230130|Prélèvement fournisseur||2558.72|||20230130|2558.72|EUR
BQ|Journal de banque|000304|20230203|401000|Fournisseurs|FOU0004|IBM France|PRLV0004|20230203|Paiement facture|1056.19||||20230203|1056.19|EUR
BQ|Journal de banque|000304|20230203|512000|Banque|||PRLV0004|20230203|Prélèvement fournisseur||1056.19|||20230203|1056.19|EUR
BQ|Journal de banque|000305|20230210|401000|Fournisseurs|FOU0005|Lenovo France|PRLV0005|20230210|Paiement facture|1750.42||||20230210|1750.42|EUR
BQ|Journal de banque|000305|20230210|512000|Banque|||PRLV0005|20230210|Prélèvement fournisseur||1750.42|||20230210|1750.42|EUR
BQ|Journal de banque|000306|20230216|401000|Fournisseurs|FOU0006|Salesforce EMEA|PRLV0006|20230216|Paiement facture|825.13||||20230216|825.13|EUR
BQ|Journal de banque|000306|20230216|512000|Banque|||PRLV0006|20230216|Prélèvement fournisseur||825.13|||20230216|825.13|EUR
BQ|Journal de banque|000307|20230220|401000|Fournisseurs|FOU0007|Slack Technologies|PRLV0007|20230220|Paiement facture|1541.04||||20230220|1541.04|EUR
BQ|Journal de banque|000307|20230220|512000|Banque|||PRLV0007|20230220|Prélèvement fournisseur||1541.04|||20230220|1541.04|EUR
BQ|Journal de banque|000308|20230224|401000|Fournisseurs|FOU0008|Google Cloud|PRLV0008|20230224|Paiement facture|2899.49||||20230224|2899.49|EUR
BQ|Journal de banque|000308|20230224|512000|Banque|||PRLV0008|20230224|Prélèvement fournisseur||2899.49|||20230224|2899.49|EUR
BQ|Journal de banque|000309|20230301|401000|Fournisseurs|FOU0009|Salesforce EMEA|PRLV0009|20230301|Paiement facture|1032.60||||20230301|1032.60|EUR
BQ|Journal de banque|000309|20230301|512000|Banque|||PRLV0009|20230301|Prélèvement fournisseur||1032.60|||20230301|1032.60|EUR
BQ|Journal de banque|000310|20230305|401000|Fournisseurs|FOU0010|OVH Cloud|PRLV0010|20230305|Paiement facture|2757.30||||20230305|2757.30|EUR
BQ|Journal de banque|000310|20230305|512000|Banque|||PRLV0010|20230305|Prélèvement fournisseur||2757.30|||20230305|2757.30|EUR
BQ|Journal de banque|000311|20230310|401000|Fournisseurs|FOU0011|Bureau Vallée|PRLV0011|20230310|Paiement facture|2074.27||||20230310|2074.27|EUR
BQ|Journal de banque|000311|20230310|512000|Banque|||PRLV0011|20230310|Prélèvement fournisseur||2074.27|||20230310|2074.27|EUR
BQ|Journal de banque|000312|20230316|401000|Fournisseurs|FOU0012|Bureau Vallée|PRLV0012|20230316|Paiement facture|2753.04||||20230316|2753.04|EUR
BQ|Journal de banque|000312|20230316|512000|Banque|||PRLV0012|20230316|Prélèvement fournisseur||2753.04|||20230316|2753.04|EUR
BQ|Journal de banque|000313|20230322|401000|Fournisseurs|FOU0013|OVH Cloud|PRLV0013|20230322|Paiement facture|770.81||||20230322|770.81|EUR
BQ|Journal de banque|000313|20230322|512000|Banque|||PRLV0013|20230322|Prélèvement fournisseur||770.81|||20230322|770.81|EUR
BQ|Journal de banque|000314|20230328|401000|Fournisseurs|FOU0014|Xerox France|PRLV0014|20230328|Paiement facture|2660.90||||20230328|2660.90|EUR
BQ|Journal de banque|000314|20230328|512000|Banque|||PRLV0014|20230328|Prélèvement fournisseur||2660.90|||20230328|2660.90|EUR
BQ|Journal de banque|000315|20230331|401000|Fournisseurs|FOU0015|AWS Europe|PRLV0015|20230331|Paiement facture|2972.42||||20230331|2972.42|EUR
BQ|Journal de banque|000315|20230331|512000|Banque|||PRLV0015|20230331|Prélèvement fournisseur||2972.42|||20230331|2972.42|EUR
BQ|Journal de banque|000316|20230406|401000|Fournisseurs|FOU0016|Dropbox Business|PRLV0016|20230406|Paiement facture|2470.45||||20230406|2470.45|EUR
BQ|Journal de banque|000316|20230406|512000|Banque|||PRLV0016|20230406|Prélèvement fournisseur||2470.45|||20230406|2470.45|EUR
BQ|Journal de banque|000317|20230412|401000|Fournisseurs|FOU0017|Slack Technologies|PRLV0017|20230412|Paiement facture|2954.37||||20230412|2954.37|EUR
BQ|Journal de banque|000317|20230412|512000|Banque|||PRLV0017|20230412|Prélèvement fournisseur||2954.37|||20230412|2954.37|EUR
BQ|Journal de banque|000318|20230417|401000|Fournisseurs|FOU0018|OVH Cloud|PRLV0018|20230417|Paiement facture|759.34||||20230417|759.34|EUR
BQ|Journal de banque|000318|20230417|512000|Banque|||PRLV0018|20230417|Prélèvement fournisseur||759.34|||20230417|759.34|EUR
BQ|Journal de banque|000319|20230420|401000|Fournisseurs|FOU0019|Oracle France|PRLV0019|20230420|Paiement facture|2109.04||||20230420|2109.04|EUR
BQ|Journal de banque|000319|20230420|512000|Banque|||PRLV0019|20230420|Prélèvement fournisseur||2109.04|||20230420|2109.04|EUR
BQ|Journal de banque|000320|20230423|401000|Fournisseurs|FOU0020|Slack Technologies|PRLV0020|20230423|Paiement facture|2281.79||||20230423|2281.79|EUR
BQ|Journal de banque|000320|20230423|512000|Banque|||PRLV0020|20230423|Prélèvement fournisseur||2281.79|||20230423|2281.79|EUR
BQ|Journal de banque|000321|20230428|401000|Fournisseurs|FOU0021|Microsoft France|PRLV0021|20230428|Paiement facture|1630.64||||20230428|1630.64|EUR
BQ|Journal de banque|000321|20230428|512000|Banque|||PRLV0021|20230428|Prélèvement fournisseur||1630.64|||20230428|1630.64|EUR
BQ|Journal de banque|000322|20230501|401000|Fournisseurs|FOU0022|Adobe Systems|PRLV0022|20230501|Paiement facture|840.20||||20230501|840.20|EUR
BQ|Journal de banque|000322|20230501|512000|Banque|||PRLV0022|20230501|Prélèvement fournisseur||840.20|||20230501|840.20|EUR
BQ|Journal de banque|000323|20230505|401000|Fournisseurs|FOU0023|Xerox France|PRLV0023|20230505|Paiement facture|1881.50||||20230505|1881.50|EUR
BQ|Journal de banque|000323|20230505|512000|Banque|||PRLV0023|20230505|Prélèvement fournisseur||1881.50|||20230505|1881.50|EUR
BQ|Journal de banque|000324|20230511|401000|Fournisseurs|FOU0024|Xerox France|PRLV0024|20230511|Paiement facture|1095.50||||20230511|1095.50|EUR
BQ|Journal de banque|000324|20230511|512000|Banque|||PRLV0024|20230511|Prélèvement fournisseur||1095.50|||20230511|1095.50|EUR
BQ|Journal de banque|000325|20230518|401000|Fournisseurs|FOU0025|Slack Technologies|PRLV0025|20230518|Paiement facture|2751.48||||20230518|2751.48|EUR
BQ|Journal de banque|000325|20230518|512000|Banque|||PRLV0025|20230518|Prélèvement fournisseur||2751.48|||20230518|2751.48|EUR
BQ|Journal de banque|000326|20230524|401000|Fournisseurs|FOU0026|IBM France|PRLV0026|20230524|Paiement facture|2913.03||||20230524|2913.03|EUR
BQ|Journal de banque|000326|20230524|512000|Banque|||PRLV0026|20230524|Prélèvement fournisseur||2913.03|||20230524|2913.03|EUR
BQ|Journal de banque|000327|20230529|401000|Fournisseurs|FOU0027|Adobe Systems|PRLV0027|20230529|Paiement facture|1232.35||||20230529|1232.35|EUR
BQ|Journal de banque|000327|20230529|512000|Banque|||PRLV0027|20230529|Prélèvement fournisseur||1232.35|||20230529|1232.35|EUR
BQ|Journal de banque|000328|20230603|401000|Fournisseurs|FOU0028|Adobe Systems|PRLV0028|20230603|Paiement facture|2232.30||||20230603|2232.30|EUR
BQ|Journal de banque|000328|20230603|512000|Banque|||PRLV0028|20230603|Prélèvement fournisseur||2232.30|||20230603|2232.30|EUR
BQ|Journal de banque|000329|20230607|401000|Fournisseurs|FOU0029|Google Cloud|PRLV0029|20230607|Paiement facture|2671.19||||20230607|2671.19|EUR
BQ|Journal de banque|000329|20230607|512000|Banque|||PRLV0029|20230607|Prélèvement fournisseur||2671.19|||20230607|2671.19|EUR
BQ|Journal de banque|000330|20230611|401000|Fournisseurs|FOU0030|Microsoft France|PRLV0030|20230611|Paiement facture|2810.32||||20230611|2810.32|EUR
BQ|Journal de banque|000330|20230611|512000|Banque|||PRLV0030|20230611|Prélèvement fournisseur||2810.32|||20230611|2810.32|EUR
BQ|Journal de banque|000331|20230614|401000|Fournisseurs|FOU0031|Microsoft France|PRLV0031|20230614|Paiement facture|2390.09||||20230614|2390.09|EUR
BQ|Journal de banque|000331|20230614|512000|Banque|||PRLV0031|20230614|Prélèvement fournisseur||2390.09|||20230614|2390.09|EUR
BQ|Journal de banque|000332|20230621|401000|Fournisseurs|FOU0032|Google Cloud|PRLV0032|20230621|Paiement facture|1393.88||||20230621|1393.88|EUR
BQ|Journal de banque|000332|20230621|512000|Banque|||PRLV0032|20230621|Prélèvement fournisseur||1393.88|||20230621|1393.88|EUR
BQ|Journal de banque|000333|20230624|401000|Fournisseurs|FOU0033|AWS Europe|PRLV0033|20230624|Paiement facture|1772.67||||20230624|1772.67|EUR
BQ|Journal de banque|000333|20230624|512000|Banque|||PRLV0033|20230624|Prélèvement fournisseur||1772.67|||20230624|1772.67|EUR
BQ|Journal de banque|000334|20230630|401000|Fournisseurs|FOU0034|Lenovo France|PRLV0034|20230630|Paiement facture|1165.08||||20230630|1165.08|EUR
BQ|Journal de banque|000334|20230630|512000|Banque|||PRLV0034|20230630|Prélèvement fournisseur||1165.08|||20230630|1165.08|EUR
BQ|Journal de banque|000335|20230707|401000|Fournisseurs|FOU0035|Microsoft France|PRLV0035|20230707|Paiement facture|1475.88||||20230707|1475.88|EUR
BQ|Journal de banque|000335|20230707|512000|Banque|||PRLV0035|20230707|Prélèvement fournisseur||1475.88|||20230707|1475.88|EUR
BQ|Journal de banque|000336|20230710|401000|Fournisseurs|FOU0036|AWS Europe|PRLV0036|20230710|Paiement facture|2548.80||||20230710|2548.80|EUR
BQ|Journal de banque|000336|20230710|512000|Banque|||PRLV0036|20230710|Prélèvement fournisseur||2548.80|||20230710|2548.80|EUR
BQ|Journal de banque|000337|20230717|401000|Fournisseurs|FOU0037|OVH Cloud|PRLV0037|20230717|Paiement facture|2149.49||||20230717|2149.49|EUR
BQ|Journal de banque|000337|20230717|512000|Banque|||PRLV0037|20230717|Prélèvement fournisseur||2149.49|||20230717|2149.49|EUR
BQ|Journal de banque|000338|20230722|401000|Fournisseurs|FOU0038|AWS Europe|PRLV0038|20230722|Paiement facture|1125.81||||20230722|1125.81|EUR
BQ|Journal de banque|000338|20230722|512000|Banque|||PRLV0038|20230722|Prélèvement fournisseur||1125.81|||20230722|1125.81|EUR
BQ|Journal de banque|000339|20230727|401000|Fournisseurs|FOU0039|Slack Technologies|PRLV0039|20230727|Paiement facture|1541.20||||20230727|1541.20|EUR
BQ|Journal de banque|000339|20230727|512000|Banque|||PRLV0039|20230727|Prélèvement fournisseur||1541.20|||20230727|1541.20|EUR
BQ|Journal de banque|000340|20230802|401000|Fournisseurs|FOU0040|Salesforce EMEA|PRLV0040|20230802|Paiement facture|588.34||||20230802|588.34|EUR
BQ|Journal de banque|000340|20230802|512000|Banque|||PRLV0040|20230802|Prélèvement fournisseur||588.34|||20230802|588.34|EUR
BQ|Journal de banque|000341|20230807|401000|Fournisseurs|FOU0041|OVH Cloud|PRLV0041|20230807|Paiement facture|711.44||||20230807|711.44|EUR
BQ|Journal de banque|000341|20230807|512000|Banque|||PRLV0041|20230807|Prélèvement fournisseur||711.44|||20230807|711.44|EUR
BQ|Journal de banque|000342|20230814|401000|Fournisseurs|FOU0042|Adobe Systems|PRLV0042|20230814|Paiement facture|1018.64||||20230814|1018.64|EUR
BQ|Journal de banque|000342|20230814|512000|Banque|||PRLV0042|20230814|Prélèvement fournisseur||1018.64|||20230814|1018.64|EUR
BQ|Journal de banque|000343|20230821|401000|Fournisseurs|FOU0043|Adobe Systems|PRLV0043|20230821|Paiement facture|555.11||||20230821|555.11|EUR
BQ|Journal de banque|000343|20230821|512000|Banque|||PRLV0043|20230821|Prélèvement fournisseur||555.11|||20230821|555.11|EUR
BQ|Journal de banque|000344|20230824|401000|Fournisseurs|FOU0044|Salesforce EMEA|PRLV0044|20230824|Paiement facture|2610.59||||20230824|2610.59|EUR
BQ|Journal de banque|000344|20230824|512000|Banque|||PRLV0044|20230824|Prélèvement fournisseur||2610.59|||20230824|2610.59|EUR
BQ|Journal de banque|000345|20230827|401000|Fournisseurs|FOU0045|IBM France|PRLV0045|20230827|Paiement facture|1769.17||||20230827|1769.17|EUR
BQ|Journal de banque|000345|20230827|512000|Banque|||PRLV0045|20230827|Prélèvement fournisseur||1769.17|||20230827|1769.17|EUR
BQ|Journal de banque|000346|20230903|401000|Fournisseurs|FOU0046|IBM France|PRLV0046|20230903|Paiement facture|1106.99||||20230903|1106.99|EUR
BQ|Journal de banque|000346|20230903|512000|Banque|||PRLV0046|20230903|Prélèvement fournisseur||1106.99|||20230903|1106.99|EUR
BQ|Journal de banque|000347|20230907|401000|Fournisseurs|FOU0047|Slack Technologies|PRLV0047|20230907|Paiement facture|782.13||||20230907|782.13|EUR
BQ|Journal de banque|000347|20230907|512000|Banque|||PRLV0047|20230907|Prélèvement fournisseur||782.13|||20230907|782.13|EUR
BQ|Journal de banque|000348|20230913|401000|Fournisseurs|FOU0048|OVH Cloud|PRLV0048|20230913|Paiement facture|2091.88||||20230913|2091.88|EUR
BQ|Journal de banque|000348|20230913|512000|Banque|||PRLV0048|20230913|Prélèvement fournisseur||2091.88|||20230913|2091.88|EUR
BQ|Journal de banque|000349|20230917|401000|Fournisseurs|FOU0049|Salesforce EMEA|PRLV0049|20230917|Paiement facture|2233.98||||20230917|2233.98|EUR
BQ|Journal de banque|000349|20230917|512000|Banque|||PRLV0049|20230917|Prélèvement fournisseur||2233.98|||20230917|2233.98|EUR
BQ|Journal de banque|000350|20230920|401000|Fournisseurs|FOU0050|Bureau Vallée|PRLV0050|20230920|Paiement facture|696.24||||20230920|696.24|EUR
BQ|Journal de banque|000350|20230920|512000|Banque|||PRLV0050|20230920|Prélèvement fournisseur||696.24|||20230920|696.24|EUR
BQ|Journal de banque|000351|20230924|401000|Fournisseurs|FOU0051|Dell Technologies|PRLV0051|20230924|Paiement facture|996.16||||20230924|996.16|EUR
BQ|Journal de banque|000351|20230924|512000|Banque|||PRLV0051|20230924|Prélèvement fournisseur||996.16|||20230924|996.16|EUR
BQ|Journal de banque|000352|20230930|401000|Fournisseurs|FOU0052|Adobe Systems|PRLV0052|20230930|Paiement facture|2722.73||||20230930|2722.73|EUR
BQ|Journal de banque|000352|20230930|512000|Banque|||PRLV0052|20230930|Prélèvement fournisseur||2722.73|||20230930|2722.73|EUR
BQ|Journal de banque|000353|20231003|401000|Fournisseurs|FOU0053|Xerox France|PRLV0053|20231003|Paiement facture|1883.77||||20231003|1883.77|EUR
BQ|Journal de banque|000353|20231003|512000|Banque|||PRLV0053|20231003|Prélèvement fournisseur||1883.77|||20231003|1883.77|EUR
BQ|Journal de banque|000354|20231006|401000|Fournisseurs|FOU0054|Slack Technologies|PRLV0054|20231006|Paiement facture|1275.29||||20231006|1275.29|EUR
BQ|Journal de banque|000354|20231006|512000|Banque|||PRLV0054|20231006|Prélèvement fournisseur||1275.29|||20231006|1275.29|EUR
BQ|Journal de banque|000355|20231010|401000|Fournisseurs|FOU0055|Google Cloud|PRLV0055|20231010|Paiement facture|2521.70||||20231010|2521.70|EUR
BQ|Journal de banque|000355|20231010|512000|Banque|||PRLV0055|20231010|Prélèvement fournisseur||2521.70|||20231010|2521.70|EUR
BQ|Journal de banque|000356|20231015|401000|Fournisseurs|FOU0056|IKEA Pro|PRLV0056|20231015|Paiement facture|1492.20||||20231015|1492.20|EUR
BQ|Journal de banque|000356|20231015|512000|Banque|||PRLV0056|20231015|Prélèvement fournisseur||1492.20|||20231015|1492.20|EUR
BQ|Journal de banque|000357|20231021|401000|Fournisseurs|FOU0057|Slack Technologies|PRLV0057|20231021|Paiement facture|1589.45||||20231021|1589.45|EUR
BQ|Journal de banque|000357|20231021|512000|Banque|||PRLV0057|20231021|Prélèvement fournisseur||1589.45|||20231021|1589.45|EUR
BQ|Journal de banque|000358|20231024|401000|Fournisseurs|FOU0058|OVH Cloud|PRLV0058|20231024|Paiement facture|1865.68||||20231024|1865.68|EUR
BQ|Journal de banque|000358|20231024|512000|Banque|||PRLV0058|20231024|Prélèvement fournisseur||1865.68|||20231024|1865.68|EUR
BQ|Journal de banque|000359|20231027|401000|Fournisseurs|FOU0059|Xerox France|PRLV0059|20231027|Paiement facture|2074.74||||20231027|2074.74|EUR
BQ|Journal de banque|000359|20231027|512000|Banque|||PRLV0059|20231027|Prélèvement fournisseur||2074.74|||20231027|2074.74|EUR
BQ|Journal de banque|000360|20231102|401000|Fournisseurs|FOU0060|OVH Cloud|PRLV0060|20231102|Paiement facture|793.28||||20231102|793.28|EUR
BQ|Journal de banque|000360|20231102|512000|Banque|||PRLV0060|20231102|Prélèvement fournisseur||793.28|||20231102|793.28|EUR
BQ|Journal de banque|000361|20231108|401000|Fournisseurs|FOU0061|Dell Technologies|PRLV0061|20231108|Paiement facture|1715.67||||20231108|1715.67|EUR
BQ|Journal de banque|000361|20231108|512000|Banque|||PRLV0061|20231108|Prélèvement fournisseur||1715.67|||20231108|1715.67|EUR
BQ|Journal de banque|000362|20231112|401000|Fournisseurs|FOU0062|Salesforce EMEA|PRLV0062|20231112|Paiement facture|1308.28||||20231112|1308.28|EUR
BQ|Journal de banque|000362|20231112|512000|Banque|||PRLV0062|20231112|Prélèvement fournisseur||1308.28|||20231112|1308.28|EUR
BQ|Journal de banque|000363|20231115|401000|Fournisseurs|FOU0063|Dell Technologies|PRLV0063|20231115|Paiement facture|655.37||||20231115|655.37|EUR
BQ|Journal de banque|000363|20231115|512000|Banque|||PRLV0063|20231115|Prélèvement fournisseur||655.37|||20231115|655.37|EUR
BQ|Journal de banque|000364|20231122|401000|Fournisseurs|FOU0064|IKEA Pro|PRLV0064|20231122|Paiement facture|1158.82||||20231122|1158.82|EUR
BQ|Journal de banque|000364|20231122|512000|Banque|||PRLV0064|20231122|Prélèvement fournisseur||1158.82|||20231122|1158.82|EUR
BQ|Journal de banque|000365|20231129|401000|Fournisseurs|FOU0065|AWS Europe|PRLV0065|20231129|Paiement facture|1518.99||||20231129|1518.99|EUR
BQ|Journal de banque|000365|20231129|512000|Banque|||PRLV0065|20231129|Prélèvement fournisseur||1518.99|||20231129|1518.99|EUR
BQ|Journal de banque|000366|20231205|401000|Fournisseurs|FOU0066|Slack Technologies|PRLV0066|20231205|Paiement facture|1303.19||||20231205|1303.19|EUR
BQ|Journal de banque|000366|20231205|512000|Banque|||PRLV0066|20231205|Prélèvement fournisseur||1303.19|||20231205|1303.19|EUR
BQ|Journal de banque|000367|20231211|401000|Fournisseurs|FOU0067|OVH Cloud|PRLV0067|20231211|Paiement facture|1801.95||||20231211|1801.95|EUR
BQ|Journal de banque|000367|20231211|512000|Banque|||PRLV0067|20231211|Prélèvement fournisseur||1801.95|||20231211|1801.95|EUR
BQ|Journal de banque|000368|20231216|401000|Fournisseurs|FOU0068|IKEA Pro|PRLV0068|20231216|Paiement facture|2670.22||||20231216|2670.22|EUR
BQ|Journal de banque|000368|20231216|512000|Banque|||PRLV0068|20231216|Prélèvement fournisseur||2670.22|||20231216|2670.22|EUR
BQ|Journal de banque|000369|20231222|401000|Fournisseurs|FOU0069|Xerox France|PRLV0069|20231222|Paiement facture|1922.84||||20231222|1922.84|EUR
BQ|Journal de banque|000369|20231222|512000|Banque|||PRLV0069|20231222|Prélèvement fournisseur||1922.84|||20231222|1922.84|EUR
BQ|Journal de banque|000370|20231228|401000|Fournisseurs|FOU0070|IBM France|PRLV0070|20231228|Paiement facture|1039.40||||20231228|1039.40|EUR
BQ|Journal de banque|000370|20231228|512000|Banque|||PRLV0070|20231228|Prélèvement fournisseur||1039.40|||20231228|1039.40|EUR
OD|Opérations diverses|000371|20230128|641100|Salaires bruts|||OD-SAL01|20230128|Salaires mois 01/2023|22366.67||||20230128|22366.67|EUR
OD|Opérations diverses|000371|20230128|421000|Personnel - Rémunérations dues|||OD-SAL01|20230128|Salaires à payer 01/2023||22366.67|||20230128|22366.67|EUR
OD|Opérations diverses|000372|20230228|641100|Salaires bruts|||OD-SAL02|20230228|Salaires mois 02/2023|22366.67||||20230228|22366.67|EUR
OD|Opérations diverses|000372|20230228|421000|Personnel - Rémunérations dues|||OD-SAL02|20230228|Salaires à payer 02/2023||22366.67|||20230228|22366.67|EUR
OD|Opérations diverses|000373|20230328|641100|Salaires bruts|||OD-SAL03|20230328|Salaires mois 03/2023|22366.67||||20230328|22366.67|EUR
OD|Opérations diverses|000373|20230328|421000|Personnel - Rémunérations dues|||OD-SAL03|20230328|Salaires à payer 03/2023||22366.67|||20230328|22366.67|EUR
OD|Opérations diverses|000374|20230428|641100|Salaires bruts|||OD-SAL04|20230428|Salaires mois 04/2023|22366.67||||20230428|22366.67|EUR
OD|Opérations diverses|000374|20230428|421000|Personnel - Rémunérations dues|||OD-SAL04|20230428|Salaires à payer 04/2023||22366.67|||20230428|22366.67|EUR
OD|Opérations diverses|000375|20230528|641100|Salaires bruts|||OD-SAL05|20230528|Salaires mois 05/2023|22366.67||||20230528|22366.67|EUR
OD|Opérations diverses|000375|20230528|421000|Personnel - Rémunérations dues|||OD-SAL05|20230528|Salaires à payer 05/2023||22366.67|||20230528|22366.67|EUR
OD|Opérations diverses|000376|20230628|641100|Salaires bruts|||OD-SAL06|20230628|Salaires mois 06/2023|22366.67||||20230628|22366.67|EUR
OD|Opérations diverses|000376|20230628|421000|Personnel - Rémunérations dues|||OD-SAL06|20230628|Salaires à payer 06/2023||22366.67|||20230628|22366.67|EUR
OD|Opérations diverses|000377|20230728|641100|Salaires bruts|||OD-SAL07|20230728|Salaires mois 07/2023|22366.67||||20230728|22366.67|EUR
OD|Opérations diverses|000377|20230728|421000|Personnel - Rémunérations dues|||OD-SAL07|20230728|Salaires à payer 07/2023||22366.67|||20230728|22366.67|EUR
OD|Opérations diverses|000378|20230828|641100|Salaires bruts|||OD-SAL08|20230828|Salaires mois 08/2023|22366.67||||20230828|22366.67|EUR
OD|Opérations diverses|000378|20230828|421000|Personnel - Rémunérations dues|||OD-SAL08|20230828|Salaires à payer 08/2023||22366.67|||20230828|22366.67|EUR
OD|Opérations diverses|000379|20230928|641100|Salaires bruts|||OD-SAL09|20230928|Salaires mois 09/2023|22366.67||||20230928|22366.67|EUR
OD|Opérations diverses|000379|20230928|421000|Personnel - Rémunérations dues|||OD-SAL09|20230928|Salaires à payer 09/2023||22366.67|||20230928|22366.67|EUR
OD|Opérations diverses|000380|20231028|641100|Salaires bruts|||OD-SAL10|20231028|Salaires mois 10/2023|22366.67||||20231028|22366.67|EUR
OD|Opérations diverses|000380|20231028|421000|Personnel - Rémunérations dues|||OD-SAL10|20231028|Salaires à payer 10/2023||22366.67|||20231028|22366.67|EUR
OD|Opérations diverses|000381|20231128|641100|Salaires bruts|||OD-SAL11|20231128|Salaires mois 11/2023|22366.67||||20231128|22366.67|EUR
OD|Opérations diverses|000381|20231128|421000|Personnel - Rémunérations dues|||OD-SAL11|20231128|Salaires à payer 11/2023||22366.67|||20231128|22366.67|EUR
OD|Opérations diverses|000382|20231228|641100|Salaires bruts|||OD-SAL12|20231228|Salaires mois 12/2023|22366.67||||20231228|22366.67|EUR
OD|Opérations diverses|000382|20231228|421000|Personnel - Rémunérations dues|||OD-SAL12|20231228|Salaires à payer 12/2023||22366.67|||20231228|22366.67|EUR
OD|Opérations diverses|000383|20230128|645000|Charges sociales|||OD-CS01|20230128|Charges sociales 01/2023|8226.67||||20230128|8226.67|EUR
OD|Opérations diverses|000383|20230128|431000|Sécurité sociale|||OD-CS01|20230128|Charges sociales dues 01/2023||8226.67|||20230128|8226.67|EUR
OD|Opérations diverses|000384|20230228|645000|Charges sociales|||OD-CS02|20230228|Charges sociales 02/2023|8226.67||||20230228|8226.67|EUR
OD|Opérations diverses|000384|20230228|431000|Sécurité sociale|||OD-CS02|20230228|Charges sociales dues 02/2023||8226.67|||20230228|8226.67|EUR
OD|Opérations diverses|000385|20230328|645000|Charges sociales|||OD-CS03|20230328|Charges sociales 03/2023|8226.67||||20230328|8226.67|EUR
OD|Opérations diverses|000385|20230328|431000|Sécurité sociale|||OD-CS03|20230328|Charges sociales dues 03/2023||8226.67|||20230328|8226.67|EUR
OD|Opérations diverses|000386|20230428|645000|Charges sociales|||OD-CS04|20230428|Charges sociales 04/2023|8226.67||||20230428|8226.67|EUR
OD|Opérations diverses|000386|20230428|431000|Sécurité sociale|||OD-CS04|20230428|Charges sociales dues 04/2023||8226.67|||20230428|8226.67|EUR
OD|Opérations diverses|000387|20230528|645000|Charges sociales|||OD-CS05|20230528|Charges sociales 05/2023|8226.67||||20230528|8226.67|EUR
OD|Opérations diverses|000387|20230528|431000|Sécurité sociale|||OD-CS05|20230528|Charges sociales dues 05/2023||8226.67|||20230528|8226.67|EUR
OD|Opérations diverses|000388|20230628|645000|Charges sociales|||OD-CS06|20230628|Charges sociales 06/2023|8226.67||||20230628|8226.67|EUR
OD|Opérations diverses|000388|20230628|431000|Sécurité sociale|||OD-CS06|20230628|Charges sociales dues 06/2023||8226.67|||20230628|8226.67|EUR
OD|Opérations diverses|000389|20230728|645000|Charges sociales|||OD-CS07|20230728|Charges sociales 07/2023|8226.67||||20230728|8226.67|EUR
OD|Opérations diverses|000389|20230728|431000|Sécurité sociale|||OD-CS07|20230728|Charges sociales dues 07/2023||8226.67|||20230728|8226.67|EUR
OD|Opérations diverses|000390|20230828|645000|Charges sociales|||OD-CS08|20230828|Charges sociales 08/2023|8226.67||||20230828|8226.67|EUR
OD|Opérations diverses|000390|20230828|431000|Sécurité sociale|||OD-CS08|20230828|Charges sociales dues 08/2023||8226.67|||20230828|8226.67|EUR
OD|Opérations diverses|000391|20230928|645000|Charges sociales|||OD-CS09|20230928|Charges sociales 09/2023|8226.67||||20230928|8226.67|EUR
OD|Opérations diverses|000391|20230928|431000|Sécurité sociale|||OD-CS09|20230928|Charges sociales dues 09/2023||8226.67|||20230928|8226.67|EUR
OD|Opérations diverses|000392|20231028|645000|Charges sociales|||OD-CS10|20231028|Charges sociales 10/2023|8226.67||||20231028|8226.67|EUR
OD|Opérations diverses|000392|20231028|431000|Sécurité sociale|||OD-CS10|20231028|Charges sociales dues 10/2023||8226.67|||20231028|8226.67|EUR
OD|Opérations diverses|000393|20231128|645000|Charges sociales|||OD-CS11|20231128|Charges sociales 11/2023|8226.67||||20231128|8226.67|EUR
OD|Opérations diverses|000393|20231128|431000|Sécurité sociale|||OD-CS11|20231128|Charges sociales dues 11/2023||8226.67|||20231128|8226.67|EUR
OD|Opérations diverses|000394|20231228|645000|Charges sociales|||OD-CS12|20231228|Charges sociales 12/2023|8226.67||||20231228|8226.67|EUR
OD|Opérations diverses|000394|20231228|431000|Sécurité sociale|||OD-CS12|20231228|Charges sociales dues 12/2023||8226.67|||20231228|8226.67|EUR
OD|Opérations diverses|000395|20230130|681000|Dotations aux amortissements|||OD-AMO01|20230130|Dotations amortissements 01/2023|1875.00||||20230130|1875.00|EUR
OD|Opérations diverses|000395|20230130|281500|Amortissements matériel|||OD-AMO01|20230130|Amortissements 01/2023||1875.00|||20230130|1875.00|EUR
OD|Opérations diverses|000396|20230228|681000|Dotations aux amortissements|||OD-AMO02|20230228|Dotations amortissements 02/2023|1875.00||||20230228|1875.00|EUR
OD|Opérations diverses|000396|20230228|281500|Amortissements matériel|||OD-AMO02|20230228|Amortissements 02/2023||1875.00|||20230228|1875.00|EUR
OD|Opérations diverses|000397|20230330|681000|Dotations aux amortissements|||OD-AMO03|20230330|Dotations amortissements 03/2023|1875.00||||20230330|1875.00|EUR
OD|Opérations diverses|000397|20230330|281500|Amortissements matériel|||OD-AMO03|20230330|Amortissements 03/2023||1875.00|||20230330|1875.00|EUR
OD|Opérations diverses|000398|20230430|681000|Dotations aux amortissements|||OD-AMO04|20230430|Dotations amortissements 04/2023|1875.00||||20230430|1875.00|EUR
OD|Opérations diverses|000398|20230430|281500|Amortissements matériel|||OD-AMO04|20230430|Amortissements 04/2023||1875.00|||20230430|1875.00|EUR
OD|Opérations diverses|000399|20230530|681000|Dotations aux amortissements|||OD-AMO05|20230530|Dotations amortissements 05/2023|1875.00||||20230530|1875.00|EUR
OD|Opérations diverses|000399|20230530|281500|Amortissements matériel|||OD-AMO05|20230530|Amortissements 05/2023||1875.00|||20230530|1875.00|EUR
OD|Opérations diverses|000400|20230630|681000|Dotations aux amortissements|||OD-AMO06|20230630|Dotations amortissements 06/2023|1875.00||||20230630|1875.00|EUR
OD|Opérations diverses|000400|20230630|281500|Amortissements matériel|||OD-AMO06|20230630|Amortissements 06/2023||1875.00|||20230630|1875.00|EUR
OD|Opérations diverses|000401|20230730|681000|Dotations aux amortissements|||OD-AMO07|20230730|Dotations amortissements 07/2023|1875.00||||20230730|1875.00|EUR
OD|Opérations diverses|000401|20230730|281500|Amortissements matériel|||OD-AMO07|20230730|Amortissements 07/2023||1875.00|||20230730|1875.00|EUR
OD|Opérations diverses|000402|20230830|681000|Dotations aux amortissements|||OD-AMO08|20230830|Dotations amortissements 08/2023|1875.00||||20230830|1875.00|EUR
OD|Opérations diverses|000402|20230830|281500|Amortissements matériel|||OD-AMO08|20230830|Amortissements 08/2023||1875.00|||20230830|1875.00|EUR
OD|Opérations diverses|000403|20230930|681000|Dotations aux amortissements|||OD-AMO09|20230930|Dotations amortissements 09/2023|1875.00||||20230930|1875.00|EUR
OD|Opérations diverses|000403|20230930|281500|Amortissements matériel|||OD-AMO09|20230930|Amortissements 09/2023||1875.00|||20230930|1875.00|EUR
OD|Opérations diverses|000404|20231030|681000|Dotations aux amortissements|||OD-AMO10|20231030|Dotations amortissements 10/2023|1875.00||||20231030|1875.00|EUR
OD|Opérations diverses|000404|20231030|281500|Amortissements matériel|||OD-AMO10|20231030|Amortissements 10/2023||1875.00|||20231030|1875.00|EUR
OD|Opérations diverses|000405|20231130|681000|Dotations aux amortissements|||OD-AMO11|20231130|Dotations amortissements 11/2023|1875.00||||20231130|1875.00|EUR
OD|Opérations diverses|000405|20231130|281500|Amortissements matériel|||OD-AMO11|20231130|Amortissements 11/2023||1875.00|||20231130|1875.00|EUR
OD|Opérations diverses|000406|20231230|681000|Dotations aux amortissements|||OD-AMO12|20231230|Dotations amortissements 12/2023|1875.00||||20231230|1875.00|EUR
OD|Opérations diverses|000406|20231230|281500|Amortissements matériel|||OD-AMO12|20231230|Amortissements 12/2023||1875.00|||20231230|1875.00|EUR
